@article{robotTeam1,
  title={Autonomous Learning of New Environments with a Robotic Team Employing Hyper-Spectral Remote Sensing, Comprehensive In-Situ Sensing and Machine Learning},
  author={David John Lary and Dave Schaefer and John Waczak and Adam Aker and Aaron Barbosa and Lakitha O H Wijeratne and Shawhin Talebi and Bharana Fernando and John Z. Sadler and Tatiana Lary and Matthew D. Lary},
  journal={Sensors (Basel, Switzerland)},
  year={2021},
  volume={21},
}


@article{qgroundcontrol,
  title={QGroundControl},
  author={Meier, Lorenz},
  journal={MAVLink Micro Air Vehicle Communication Protocol. Available online: http://qgroundcontrol. org/mavlink/start (accessed on 30 January 2019)},
  year={2010}
}


@article{reflectance-conversion,
  title={A review of protocols for fiducial reference measurements of downwelling irradiance for the validation of satellite remote sensing data over water},
  author={Ruddick, Kevin G and Voss, Kenneth and Banks, Andrew C and Boss, Emmanuel and Castagna, Alexandre and Frouin, Robert and Hieronymi, Martin and Jamet, Cedric and Johnson, B Carol and Kuusk, Joel and others},
  journal={Remote Sensing},
  volume={11},
  number={15},
  pages={1742},
  year={2019},
  publisher={MDPI}
}


@article{julia-1,
  title={Julia: A fast dynamic language for technical computing},
  author={Bezanson, Jeff and Karpinski, Stefan and Shah, Viral B and Edelman, Alan},
  journal={arXiv preprint arXiv:1209.5145},
  year={2012}
}



@book{decision-trees,
  title={Classification and regression trees},
  author={Breiman, Leo},
  year={2017},
  publisher={Routledge}
}

@software{random-forest-regression,
  author       = {Ben Sadeghi and
                  Poom Chiarawongse and
                  Kevin Squire and
                  Daniel C. Jones and
                  Andreas Noack and
                  Cédric St-Jean and
                  Rik Huijzer and
                  Roland Schätzle and
                  Ian Butterworth and
                  Yu-Fong Peng and
                  Anthony Blaom},
  title        = {{DecisionTree.jl - A Julia implementation of the 
                   CART Decision Tree and Random Forest algorithms}},
  month        = nov,
  year         = 2022,
  publisher    = {Zenodo},
  version      = {0.11.3},
  doi          = {10.5281/zenodo.7359268},
  url          = {https://doi.org/10.5281/zenodo.7359268}
}

@article{random-forest,
  title={Random forests},
  author={Breiman, Leo},
  journal={Machine learning},
  volume={45},
  pages={5--32},
  year={2001},
  publisher={Springer}
}


@article{gradient-boosting,
  title={Greedy function approximation: A gradient boosting machine.},
  author={Jerome H. Friedman},
  journal={Annals of Statistics},
  year={2001},
  volume={29},
  pages={1189-1232},
  url={https://api.semanticscholar.org/CorpusID:39450643}
}


@article{conformal-prediction-1,
  title={A Tutorial on Conformal Prediction.},
  author={Shafer, Glenn and Vovk, Vladimir},
  journal={Journal of Machine Learning Research},
  volume={9},
  number={3},
  year={2008}
}

@article{conformal-prediction-2,
  title={A gentle introduction to conformal prediction and distribution-free uncertainty quantification},
  author={Angelopoulos, Anastasios N and Bates, Stephen},
  journal={arXiv preprint arXiv:2107.07511},
  year={2021}
}


@article{conformal-prediction-3,
  title={Conformal prediction: a unified review of theory and new challenges},
  author={Fontana, Matteo and Zeni, Gianluca and Vantini, Simone},
  journal={Bernoulli},
  volume={29},
  number={1},
  pages={1--23},
  year={2023},
  publisher={Bernoulli Society for Mathematical Statistics and Probability}
}

@incollection{conformal-prediction-4,
  title={Inductive conformal prediction: Theory and application to neural networks},
  author={Papadopoulos, Harris},
  booktitle={Tools in artificial intelligence},
  year={2008},
  publisher={Citeseer}
}


@article{MLJ1,
  doi = {10.21105/joss.02704},
  url = {https://doi.org/10.21105/joss.02704},
  year = {2020},
  publisher = {The Open Journal},
  volume = {5},
  number = {55},
  pages = {2704},
  author = {Anthony D. Blaom and Franz Kiraly and Thibaut Lienart and Yiannis Simillides and Diego Arenas and Sebastian J. Vollmer},
  title = {{MLJ}: A Julia package for composable machine learning},
  journal = {Journal of Open Source Software},
}

@misc{MLJ2,
      title={Flexible model composition in machine learning and its implementation in {MLJ}}, 
      author={Anthony D. Blaom and Sebastian J. Vollmer},
      year={2020},
      eprint={2012.15505},
      archivePrefix={arXiv},
      primaryClass={cs.LG},
}


@article{GeorectificationMuller,
  title={A program for direct georeferencing of airborne and spaceborne line scanner images},
  author={Muller, R and Lehner, Manfred and Muller, Rainer and Reinartz, Peter and Schroeder, Manfred and Vollmer, Beate},
  journal={International Archives of Photogrammetry Remote Sensing and Spatial Information Sciences},
  volume={34},
  number={1},
  pages={148--153},
  year={2002},
  publisher={NATURAL RESOURCES CANADA}
}

@inproceedings{GeorectificationBaumker,
  title={New calibration and computing method for direct georeferencing of image and scanner data using the position and angular data of an hybrid inertial navigation system},
  author={B{\"a}umker, Manfred and Heimes, FJ},
  booktitle={OEEPE Workshop, Integrated Sensor Orientation},
  pages={1--17},
  year={2001}
}

@article{GeorectificationMostafa,
  title={A Multi-Sensor System for Airborne Image Capture and Georeferencing},
  author={Mohamed M. R. Mostafa and Klaus Peter Schwarz},
  journal={Photogrammetric Engineering and Remote Sensing},
  year={2000},
  volume={66},
  pages={1417-1424}
}


% Introduction:
@article{melesse2007remote,
  title={Remote sensing sensors and applications in environmental resources mapping and modelling},
  author={Melesse, Assefa M and Weng, Qihao and Thenkabail, Prasad S and Senay, Gabriel B},
  journal={Sensors},
  volume={7},
  number={12},
  pages={3209--3241},
  year={2007},
  publisher={Molecular Diversity Preservation International}
}

@article{cohen2004landsat,
  title={Landsat's role in ecological applications of remote sensing},
  author={Cohen, Warren B and Goward, Samuel N},
  journal={Bioscience},
  volume={54},
  number={6},
  pages={535--545},
  year={2004},
  publisher={American Institute of Biological Sciences}
}

@article{allison2016airborne,
  title={Airborne optical and thermal remote sensing for wildfire detection and monitoring},
  author={Allison, Robert S and Johnston, Joshua M and Craig, Gregory and Jennings, Sion},
  journal={Sensors},
  volume={16},
  number={8},
  pages={1310},
  year={2016},
  publisher={MDPI}
}

@article{joyce2009review,
  title={A review of the status of satellite remote sensing and image processing techniques for mapping natural hazards and disasters},
  author={Joyce, Karen E and Belliss, Stella E and Samsonov, Sergey V and McNeill, Stephen J and Glassey, Phil J},
  journal={Progress in physical geography},
  volume={33},
  number={2},
  pages={183--207},
  year={2009},
  publisher={Sage Publications Sage UK: London, England}
}

@article{remote-sensing-finland,
  title={A case study of airborne and satellite remote sensing of a spring bloom event in the Gulf of Finland},
  author={Koponen, Sampsa and Attila, Jenni and Pulliainen, Jouni and Kallio, Kari and Pyh{\"a}lahti, Timo and Lindfors, Antti and Rasmus, Kai and Hallikainen, Martti},
  journal={Continental Shelf Research},
  volume={27},
  number={2},
  pages={228--244},
  year={2007},
  publisher={Elsevier}
}


@article{uav-hsi-classification,
  title={A novel approach for vegetation classification using UAV-based hyperspectral imaging},
  author={Ishida, Tetsuro and Kurihara, Junichi and Viray, Fra Angelico and Namuco, Shielo Baes and Paringit, Enrico C and Perez, Gay Jane and Takahashi, Yukihiro and Marciano Jr, Joel Joseph},
  journal={Computers and electronics in agriculture},
  volume={144},
  pages={80--85},
  year={2018},
  publisher={Elsevier}
}

@article{uav-hsi-classification-2,
  title={Comparison of two aerial imaging platforms for identification of Huanglongbing-infected citrus trees},
  author={Garcia-Ruiz, Francisco and Sankaran, Sindhuja and Maja, Joe Mari and Lee, Won Suk and Rasmussen, Jesper and Ehsani, Reza},
  journal={Computers and Electronics in Agriculture},
  volume={91},
  pages={106--115},
  year={2013},
  publisher={Elsevier}
}


@article{andres2018review,
  title={A review of in-situ and remote sensing technologies to monitor water and sanitation interventions},
  author={Andres, Luis and Boateng, Kwasi and Borja-Vega, Christian and Thomas, Evan},
  journal={Water},
  volume={10},
  number={6},
  pages={756},
  year={2018},
  publisher={MDPI}
}

@article{robert2017analysis,
  title={Analysis of suspended particulate matter and its drivers in Sahelian ponds and lakes by remote sensing (Landsat and MODIS): Gourma region, Mali},
  author={Robert, Elodie and Kergoat, Laurent and Soumaguel, Nogmana and Merlet, S{\'e}bastien and Martinez, Jean-Michel and Diawara, Mamadou and Grippa, Manuela},
  journal={Remote Sensing},
  volume={9},
  number={12},
  pages={1272},
  year={2017},
  publisher={MDPI}
}


@article{ross2019aquasat,
  title={AquaSat: A data set to enable remote sensing of water quality for inland waters},
  author={Ross, Matthew RV and Topp, Simon N and Appling, Alison P and Yang, Xiao and Kuhn, Catherine and Butman, David and Simard, Marc and Pavelsky, Tamlin M},
  journal={Water Resources Research},
  volume={55},
  number={11},
  pages={10012--10025},
  year={2019},
  publisher={Wiley Online Library}
}

@incollection{lary2010artificial,
  title={Artificial intelligence in geoscience and remote sensing},
  author={Lary, David John},
  booktitle={Geoscience and Remote Sensing New Achievements},
  year={2010},
  publisher={IntechOpen}
}

@article{kaufman1992atmospherically,
  title={Atmospherically resistant vegetation index (ARVI) for EOS-MODIS},
  author={Kaufman, Yoram J and Tanre, Didier},
  journal={IEEE transactions on Geoscience and Remote Sensing},
  volume={30},
  number={2},
  pages={261--270},
  year={1992},
  publisher={IEEE}
}

@book{thenkabail2018hyperspectral,
  title={Hyperspectral indices and image classifications for agriculture and vegetation},
  author={Thenkabail, Prasad S and Lyon, John G and Huete, Alfredo},
  year={2018},
  publisher={CRC press}
}

@misc{envi_vegetation_indices,
    year  = {2023},
    title = {Vegetation Indices Background},
    publisher= {NV5 Geospatial},
    note  = {\url{https://www.nv5geospatialsoftware.com/docs/backgroundvegetationindices.html}, 
             Last accessed on 2024-01-03},
}

@article{chi2016big,
  title={Big data for remote sensing: Challenges and opportunities},
  author={Chi, Mingmin and Plaza, Antonio and Benediktsson, Jon Atli and Sun, Zhongyi and Shen, Jinsheng and Zhu, Yangyong},
  journal={Proceedings of the IEEE},
  volume={104},
  number={11},
  pages={2207--2219},
  year={2016},
  publisher={IEEE}
}

@article{garcia2013comparison,
  title={Comparison of two aerial imaging platforms for identification of Huanglongbing-infected citrus trees},
  author={Garcia-Ruiz, Francisco and Sankaran, Sindhuja and Maja, Joe Mari and Lee, Won Suk and Rasmussen, Jesper and Ehsani, Reza},
  journal={Computers and Electronics in Agriculture},
  volume={91},
  pages={106--115},
  year={2013},
  publisher={Elsevier}
}

@article{rostom2017evaluation,
  title={Evaluation of Mariut Lake water quality using Hyperspectral Remote Sensing and laboratory works},
  author={Rostom, Neven G and Shalaby, Adel A and Issa, Yousry M and Afifi, Ahmed A},
  journal={The Egyptian Journal of Remote Sensing and Space Science},
  volume={20},
  pages={S39--S48},
  year={2017},
  publisher={Elsevier}
}

@article{adao2017hyperspectral,
  title={Hyperspectral imaging: A review on UAV-based sensors, data processing and applications for agriculture and forestry},
  author={Ad{\~a}o, Telmo and Hru{\v{s}}ka, Jon{\'a}{\v{s}} and P{\'a}dua, Lu{\'\i}s and Bessa, Jos{\'e} and Peres, Emanuel and Morais, Raul and Sousa, Joaquim Joao},
  journal={Remote sensing},
  volume={9},
  number={11},
  pages={1110},
  year={2017},
  publisher={MDPI}
}


@article{padua2017uas,
  title={UAS, sensors, and data processing in agroforestry: A review towards practical applications},
  author={P{\'a}dua, Lu{\'\i}s and Vanko, Jakub and Hru{\v{s}}ka, Jon{\'a}{\v{s}} and Ad{\~a}o, Telmo and Sousa, Joaquim J and Peres, Emanuel and Morais, Raul},
  journal={International journal of remote sensing},
  volume={38},
  number={8-10},
  pages={2349--2391},
  year={2017},
  publisher={Taylor \& Francis}
}


@article{arroyo2019implementation,
  title={Implementation of a UAV--hyperspectral pushbroom imager for ecological monitoring},
  author={Arroyo-Mora, J Pablo and Kalacska, Margaret and Inamdar, Deep and Soffer, Raymond and Lucanus, Oliver and Gorman, Janine and Naprstek, Tomas and Schaaf, Erica Skye and Ifimov, Gabriela and Elmer, Kathryn and others},
  journal={Drones},
  volume={3},
  number={1},
  pages={12},
  year={2019},
  publisher={MDPI}
}


@article{koparan2018situ,
  title={In situ water quality measurements using an unmanned aerial vehicle (UAV) system},
  author={Koparan, Cengiz and Koc, Ali Bulent and Privette, Charles V and Sawyer, Calvin B},
  journal={Water},
  volume={10},
  number={3},
  pages={264},
  year={2018},
  publisher={MDPI}
}


@article{gursoy2019investigating,
  title={Investigating surface water pollution by integrated remotely sensed and field spectral measurement data: A case study},
  author={G{\"u}rsoy, {\"O}nder and Atun, Rutkay},
  journal={Polish Journal of Environmental Studies},
  volume={28},
  number={4},
  year={2019}
}


@article{brezonik2005landsat,
  title={Landsat-based remote sensing of lake water quality characteristics, including chlorophyll and colored dissolved organic matter (CDOM)},
  author={Brezonik, Patrick and Menken, Kevin D and Bauer, Marvin},
  journal={Lake and Reservoir Management},
  volume={21},
  number={4},
  pages={373--382},
  year={2005},
  publisher={Taylor \& Francis}
}


@article{sagan2020monitoring,
  title={Monitoring inland water quality using remote sensing: Potential and limitations of spectral indices, bio-optical simulations, machine learning, and cloud computing},
  author={Sagan, Vasit and Peterson, Kyle T and Maimaitijiang, Maitiniyazi and Sidike, Paheding and Sloan, John and Greeling, Benjamin A and Maalouf, Samar and Adams, Craig},
  journal={Earth-Science Reviews},
  volume={205},
  pages={103187},
  year={2020},
  publisher={Elsevier}
}


@article{ehmann2019monitoring,
  title={Monitoring turbidity from above: Deploying small unoccupied aerial vehicles to image in-stream turbidity},
  author={Ehmann, Karyn and Kelleher, Christa and Condon, Laura E},
  journal={Hydrological Processes},
  volume={33},
  number={6},
  pages={1013--1021},
  year={2019},
  publisher={Wiley Online Library}
}

@article{schiller1999neural,
  title={Neural network for emulation of an inverse model operational derivation of Case II water properties from MERIS data},
  author={Schiller, Helmut and Doerffer, Roland},
  journal={International journal of remote sensing},
  volume={20},
  number={9},
  pages={1735--1746},
  year={1999},
  publisher={Taylor \& Francis}
}

@article{brown2008neural,
  title={Neural networks as a tool for constructing continuous NDVI time series from AVHRR and MODIS},
  author={Brown, Molly E and Lary, David J and Vrieling, Anton and Stathakis, Demetris and Mussa, Hamse},
  journal={International Journal of Remote Sensing},
  volume={29},
  number={24},
  pages={7141--7158},
  year={2008},
  publisher={Taylor \& Francis}
}


@article{paavel2011optical,
  title={Optical investigations of CDOM-rich coastal waters in P{\"a}rnu Bay},
  author={Paavel, Birgot and Arst, Helgi and Metsamaa, Liisa and Toming, Kaire and Reinart, Anu},
  journal={Estonian Journal of Earth Sciences},
  volume={60},
  number={2},
  pages={102},
  year={2011},
  publisher={Teaduste Akadeemia Kirjastus (Estonian Academy Publishers)}
}


@article{hruska2012radiometric,
  title={Radiometric and geometric analysis of hyperspectral imagery acquired from an unmanned aerial vehicle},
  author={Hruska, Ryan and Mitchell, Jessica and Anderson, Matthew and Glenn, Nancy F},
  journal={Remote Sensing},
  volume={4},
  number={9},
  pages={2736--2752},
  year={2012},
  publisher={Molecular Diversity Preservation International (MDPI)}
}


@article{belgiu2016random,
  title={Random forest in remote sensing: A review of applications and future directions},
  author={Belgiu, Mariana and Dr{\u{a}}gu{\c{t}}, Lucian},
  journal={ISPRS journal of photogrammetry and remote sensing},
  volume={114},
  pages={24--31},
  year={2016},
  publisher={Elsevier}
}


@article{aurin2018remote,
  title={Remote sensing of CDOM, CDOM spectral slope, and dissolved organic carbon in the global ocean},
  author={Aurin, Dirk and Mannino, Antonio and Lary, David J},
  journal={Applied Sciences},
  volume={8},
  number={12},
  pages={2687},
  year={2018},
  publisher={MDPI}
}


@article{topp2020research,
  title={Research trends in the use of remote sensing for inland water quality science: Moving towards multidisciplinary applications},
  author={Topp, Simon N and Pavelsky, Tamlin M and Jensen, Daniel and Simard, Marc and Ross, Matthew RV},
  journal={Water},
  volume={12},
  number={1},
  pages={169},
  year={2020},
  publisher={MDPI}
}


@article{lu2021retrieval,
  title={Retrieval of water quality from UAV-borne hyperspectral imagery: A comparative study of machine learning algorithms},
  author={Lu, Qikai and Si, Wei and Wei, Lifei and Li, Zhongqiang and Xia, Zhihong and Ye, Song and Xia, Yu},
  journal={Remote Sensing},
  volume={13},
  number={19},
  pages={3928},
  year={2021},
  publisher={MDPI}
}

@article{austin1976index,
  title={The index of refraction of seawater},
  author={Austin, Roswell W and Halikas, George},
  year={1976}
}


@article{rfr-importance-ranking,
  title={Understanding variable importances in forests of randomized trees},
  author={Louppe, Gilles and Wehenkel, Louis and Sutera, Antonio and Geurts, Pierre},
  journal={Advances in neural information processing systems},
  volume={26},
  year={2013}
}


@article{banerjee2020uav,
  title={UAV-hyperspectral imaging of spectrally complex environments},
  author={Banerjee, Bikram Pratap and Raval, Simit and Cullen, PJ},
  journal={International Journal of Remote Sensing},
  volume={41},
  number={11},
  pages={4136--4159},
  year={2020},
  publisher={Taylor \& Francis}
}

@article{kurihara2020unmanned,
  title={Unmanned Aerial Vehicle (UAV)-based hyperspectral imaging system for precision agriculture and forest management},
  author={Kurihara, Junichi and Ishida, Tetsuro and Takahashi, Yukihiro},
  journal={Unmanned Aerial Vehicle: Applications in Agriculture and Environment},
  pages={25--38},
  year={2020},
  publisher={Springer}
}

@article{feng2015urban,
  title={Urban flood mapping based on unmanned aerial vehicle remote sensing and random forest classifier—A case of Yuyao, China},
  author={Feng, Quanlong and Liu, Jiantao and Gong, Jianhua},
  journal={Water},
  volume={7},
  number={4},
  pages={1437--1455},
  year={2015},
  publisher={MDPI}
}


@article{bonansea2015using,
  title={Using multi-temporal Landsat imagery and linear mixed models for assessing water quality parameters in R{\'\i}o Tercero reservoir (Argentina)},
  author={Bonansea, Matias and Rodriguez, Mar{\'\i}a Claudia and Pinotti, Lucio and Ferrero, Susana},
  journal={Remote Sensing of Environment},
  volume={158},
  pages={28--41},
  year={2015},
  publisher={Elsevier}
}

@article{bonansea2019using,
  title={Using new remote sensing satellites for assessing water quality in a reservoir},
  author={Bonansea, Matias and Ledesma, Micaela and Rodriguez, Claudia and Pinotti, Lucio},
  journal={Hydrological sciences journal},
  volume={64},
  number={1},
  pages={34--44},
  year={2019},
  publisher={Taylor \& Francis}
}

@article{laonamsai2023utilizing,
  title={Utilizing NDWI, MNDWI, SAVI, WRI, and AWEI for Estimating Erosion and Deposition in Ping River in Thailand},
  author={Laonamsai, Jeerapong and Julphunthong, Phongthorn and Saprathet, Thanat and Kimmany, Bounhome and Ganchanasuragit, Tammarat and Chomcheawchan, Phornsuda and Tomun, Nattapong},
  journal={Hydrology},
  volume={10},
  number={3},
  pages={70},
  year={2023},
  publisher={MDPI}
}


@article{strobl2008conditional,
  title={Conditional variable importance for random forests},
  author={Strobl, Carolin and Boulesteix, Anne-Laure and Kneib, Thomas and Augustin, Thomas and Zeileis, Achim},
  journal={BMC bioinformatics},
  volume={9},
  pages={1--11},
  year={2008},
  publisher={Springer}
}

@article{parr2018beware,
  title={Beware default random forest importances},
  author={Parr, Terence and Turgutlu, Kerem and Csiszar, Christopher and Howard, Jeremy},
  journal={March},
  volume={26},
  pages={2018},
  year={2018}
}




@misc{freeflyAltaX,
    title={Introducing alta X}, 
    url={https://freeflysystems.com/alta-x}, 
    journal={Freefly Systems}, 
    year={2021}, 
    month={May},
    note={\url{https://freeflysystems.com/alta-x}}
} 

@misc{Otter,
    title={Otter}, 
    url={https://www.maritimerobotics.com/otter}, 
    journal={Maritime Robotics},
    note={\url{https://www.maritimerobotics.com/otter}}
}

@misc{WaterSensorInfo, 
    title={Sensors}, 
    url={https://www.waterprobes.com/sensor-parameters-water-quality-monitoring},
    journal={Eureka Water Probes},
    note={\url{https://www.waterprobes.com/sensor-parameters-water-quality-monitoring}}
}

@article{SHAPvalues1,
  title={Explaining prediction models and individual predictions with feature contributions},
  author={Erik Strumbelj and Igor Kononenko},
  journal={Knowledge and Information Systems},
  year={2013},
  volume={41},
  pages={647-665},
}

@article{yu2021pm2,
  title={PM2. 5 Modeling and Historical Reconstruction over the Continental USA Utilizing GOES-16 AOD},
  author={Yu, Xiaohe and Lary, David J and Simmons, Christopher S},
  journal={Remote Sensing},
  volume={13},
  number={23},
  pages={4788},
  year={2021},
  publisher={Multidisciplinary Digital Publishing Institute},
}

@article{SpectralIndexWheat,
  title={New Spectral Index for Detecting Wheat Yellow Rust Using Sentinel-2 Multispectral Imagery},
  author={Qiong Zheng and Wenjiang Huang and Ximin Cui and Yue Shi and Linyi Liu},
  journal={Sensors (Basel, Switzerland)},
  year={2018},
  volume={18},
}

@article{SpectralIndexDesertification,
  title={Quantitative Assessment of Desertification in an Arid Oasis Using Remote Sensing Data and Spectral Index Techniques},
  author={Atman Ait Lamqadem and Hafid Saber and Biswajeet Pradhan},
  journal={Remote. Sens.},
  year={2018},
  volume={10},
  pages={1862}
}

@article{SpectralIndexNDVI,
  title={A commentary review on the use of normalized difference vegetation index (NDVI) in the era of popular remote sensing},
  author={Shan Huang and Lina Tang and Joseph P. Hupy and Yang Wang and Guofan Shao},
  journal={Journal of Forestry Research},
  year={2020},
  volume={32},
  pages={1-6}
}


@article{SpectralIndexWaterQuality,
  title={Monitoring inland water quality using remote sensing: potential and limitations of spectral indices, bio-optical simulations, machine learning, and cloud computing},
  author={Vasit Sagan and Kyle T. Peterson and Maitiniyazi Maimaitijiang and Paheding Sidike and John J. Sloan and Benjamin A. Greeling and Samar A Maalouf and Craig D. Adams},
  journal={Earth-Science Reviews},
  year={2020},
  volume={205},
  pages={103187}
}


@article{ModelStacking,
  title={Stacked generalization},
  author={David H. Wolpert},
  journal={Neural Networks},
  year={1992},
  volume={5},
  pages={241-259}
}




@article{fingas2017review,
  title={A review of oil spill remote sensing},
  author={Fingas, Merv and Brown, Carl E},
  journal={sensors},
  volume={18},
  number={1},
  pages={91},
  year={2017},
  publisher={MDPI}
}


@article{guanter2015enmap,
  title={The EnMAP spaceborne imaging spectroscopy mission for earth observation},
  author={Guanter, Luis and Kaufmann, Hermann and Segl, Karl and Foerster, Saskia and Rogass, Christian and Chabrillat, Sabine and Kuester, Theres and Hollstein, Andr{\'e} and Rossner, Godela and Chlebek, Christian and others},
  journal={Remote Sensing},
  volume={7},
  number={7},
  pages={8830--8857},
  year={2015},
  publisher={MDPI}
}

@article{Storch2023TheEI,
  title={The EnMAP imaging spectroscopy mission towards operations},
  author={Tobias Storch and Hans-Peter Honold and Sabine Chabrillat and Martin Habermeyer and Paul Tucker and Maximilian Brell and Andreas Ohndorf and Katrin Wirth and Matthias Betz and Michael Kuchler and Helmut M{\"u}hle and Emiliano Carmona and Simon Baur and Martin M{\"u}cke and Sebastian L{\"o}w and Daniel Schulze and Steffen Zimmermann and Christoph Lenzen and Sebastian Wiesner and Saika Aida and Ralph Kahle and Peter Willburger and Sebastian Hartung and Daniele Dietrich and Nicolae Plesia and Mirco Tegler and Katharina Schork and Kevin Alonso and David Marshall and Birgit Gerasch and Peter Schwind and Miguel Pato and Mathias Schneider and Raquel de los Reyes and Maximilian Langheinrich and Julian Wenzel and Martin Bachmann and Stefanie Holzwarth and Nicole Pinnel and Luis Guanter and Karl Segl and Daniel Scheffler and Saskia Foerster and Niklas Bohn and Astrid Bracher and Mariana Altenburg Soppa and Ferran Gascon and Robert Green and Raymond F. Kokaly and Jose Moreno and Cindy C. H. Ong and Manuela Sornig and Ricarda Wernitz and Klaus Bagschik and Detlef Reintsema and Laura La Porta and Anke Schickling and Sebastian Fischer},
  journal={Remote Sensing of Environment},
  year={2023},
  url={https://api.semanticscholar.org/CorpusID:258979769}
}


@techreport{tillman2017evaluation,
  title={Evaluation of the Eureka Manta2 Water-Quality Multiprobe Sonde},
  author={Tillman, Evan F},
  year={2017},
  institution={US Geological Survey}
}

@article{trees2002fluorometric,
  title={Fluorometric chlorophyll a: Sampling, laboratory methods, and data analysis protocols},
  author={Trees, Charles C and Bidigare, Robert R and Karl, David M and Van Heukelem, Laurie and Dore, J},
  journal={Ocean Optics Protocols for Satellite Ocean Color Sensor Validation, NASA/TM-2002-210004/Rev3-Vol2, edited by: Mueller, JL and Fargion, GS, NASA Goddard Space Flight Center, Greenbelt, Maryland},
  pages={269--283},
  year={2002}
}

@article{boyer2009phytoplankton,
  title={Phytoplankton bloom status: Chlorophyll a biomass as an indicator of water quality condition in the southern estuaries of Florida, USA},
  author={Boyer, Joseph N and Kelble, Christopher R and Ortner, Peter B and Rudnick, David T},
  journal={Ecological indicators},
  volume={9},
  number={6},
  pages={S56--S67},
  year={2009},
  publisher={Elsevier}
}

@article{Brient2008APP,
  title={A phycocyanin probe as a tool for monitoring cyanobacteria in freshwater bodies.},
  author={Luc Brient and Marion Lengronne and Emilie Bertrand and Delphine C. Rolland and Arnaud Sipel and Delphine Steinmann and Isabelle Baudin and Mich{\`e}le Legeas and Bertrand Le Rouzic and Myriam Bormans},
  journal={Journal of environmental monitoring : JEM},
  year={2008},
  volume={10 2},
  pages={
          248-55
        },
  url={https://api.semanticscholar.org/CorpusID:5713582}
}

@article{cao2009evaluation,
  title={Evaluation of optical brightener photodecay characteristics for detection of human fecal contamination},
  author={Cao, Yiping and Griffith, John F and Weisberg, Stephen B},
  journal={Water research},
  volume={43},
  number={8},
  pages={2273--2279},
  year={2009},
  publisher={Elsevier}
}

@article{brown2003review,
  title={Review of the development of laser fluorosensors for oil spill application},
  author={Brown, Carl E and Fingas, Mervin F},
  journal={Marine pollution bulletin},
  volume={47},
  number={9-12},
  pages={477--484},
  year={2003},
  publisher={Elsevier}
}

@article{de2007ion,
  title={Ion-selective electrode potentiometry in environmental analysis},
  author={De Marco, Roland and Clarke, Graeme and Pejcic, Bobby},
  journal={Electroanalysis: An International Journal Devoted to Fundamental and Practical Aspects of Electroanalysis},
  volume={19},
  number={19-20},
  pages={1987--2001},
  year={2007},
  publisher={Wiley Online Library}
}

@article{grinsztajn2022tree,
  title={Why do tree-based models still outperform deep learning on typical tabular data?},
  author={Grinsztajn, L{\'e}o and Oyallon, Edouard and Varoquaux, Ga{\"e}l},
  journal={Advances in Neural Information Processing Systems},
  volume={35},
  pages={507--520},
  year={2022}
}

@article{shwartz2022tabular,
  title={Tabular data: Deep learning is not all you need},
  author={Shwartz-Ziv, Ravid and Armon, Amitai},
  journal={Information Fusion},
  volume={81},
  pages={84--90},
  year={2022},
  publisher={Elsevier}
}

@article{kloiber2002application,
  title={Application of Landsat imagery to regional-scale assessments of lake clarity},
  author={Kloiber, Steven M and Brezonik, Patrick L and Bauer, Marvin E},
  journal={Water Research},
  volume={36},
  number={17},
  pages={4330--4340},
  year={2002},
  publisher={Elsevier}
}


@article{peterson2020deep,
  title={Deep learning-based water quality estimation and anomaly detection using Landsat-8/Sentinel-2 virtual constellation and cloud computing},
  author={Peterson, Kyle T and Sagan, Vasit and Sloan, John J},
  journal={GIScience \& Remote Sensing},
  volume={57},
  number={4},
  pages={510--525},
  year={2020},
  publisher={Taylor \& Francis}
}


@article{zhang2022selection,
  title={Selection and Quantification of Best Water Quality Indicators Using UAV-Mounted Hyperspectral Data: A Case Focusing on a Local River Network in Suzhou City, China},
  author={Zhang, Dingyu and Zeng, Siyu and He, Weiqi},
  journal={Sustainability},
  volume={14},
  number={23},
  pages={16226},
  year={2022},
  publisher={MDPI}
}

@article{dordoni2023preliminary,
  title={A preliminary global hydrochemical comparison of lakes and reservoirs},
  author={Dordoni, Marlene and Zappal{\`a}, Paolo and Barth, Johannes AC},
  journal={Frontiers in Water},
  volume={5},
  pages={1084050},
  year={2023},
  publisher={Frontiers}
}

@article{piper1944graphic,
  title={A graphic procedure in the geochemical interpretation of water-analyses},
  author={Piper, Arthur M},
  journal={Eos, Transactions American Geophysical Union},
  volume={25},
  number={6},
  pages={914--928},
  year={1944},
  publisher={Wiley Online Library}
}

@article{pace2012ph,
  title={pH change induces shifts in the size and light absorption of dissolved organic matter},
  author={Pace, Michael L and Reche, Isabel and Cole, Jonathan J and Fern{\'a}ndez-Barbero, Antonio and Mazuecos, Ignacio P and Prairie, Yves T},
  journal={Biogeochemistry},
  volume={108},
  pages={109--118},
  year={2012},
  publisher={Springer}
}

@article{vogt2016near,
  title={Near-remote sensing of water turbidity using small unmanned aircraft systems},
  author={Vogt, Michael C and Vogt, Mark E},
  journal={Environmental Practice},
  volume={18},
  number={1},
  pages={18--31},
  year={2016},
  publisher={Taylor \& Francis}
}

@article{niu2021deep,
  title={Deep learning based regression for optically inactive inland water quality parameter estimation using airborne hyperspectral imagery},
  author={Niu, Chao and Tan, Kun and Jia, Xiuping and Wang, Xue},
  journal={Environmental Pollution},
  volume={286},
  pages={117534},
  year={2021},
  publisher={Elsevier}
}

@article{vakili2020determination,
  title={Determination of optically inactive water quality variables using Landsat 8 data: A case study in Geshlagh reservoir affected by agricultural land use},
  author={Vakili, Taleb and Amanollahi, Jamil},
  journal={Journal of Cleaner Production},
  volume={247},
  pages={119134},
  year={2020},
  publisher={Elsevier}
}

@article{guo2021machine,
  title={A machine learning-based strategy for estimating non-optically active water quality parameters using Sentinel-2 imagery},
  author={Guo, Hongwei and Huang, Jinhui Jeanne and Chen, Bowen and Guo, Xiaolong and Singh, Vijay P},
  journal={International Journal of Remote Sensing},
  volume={42},
  number={5},
  pages={1841--1866},
  year={2021},
  publisher={Taylor \& Francis}
}

@article{absalon2023detection,
  title={Detection of changes in the hydrobiological parameters of the Oder River during the ecological disaster in July 2022 based on multi-parameter probe tests and remote sensing methods},
  author={Absalon, Damian and Matysik, Magdalena and Wo{\'z}nica, Andrzej and Janczewska, Natalia},
  journal={Ecological Indicators},
  volume={148},
  pages={110103},
  year={2023},
  publisher={Elsevier}
}

@article{valle2023quantifying,
  title={Quantifying uncertainty in land-use land-cover classification using conformal statistics},
  author={Valle, Denis and Izbicki, Rafael and Leite, Rodrigo Vieira},
  journal={Remote Sensing of Environment},
  volume={295},
  pages={113682},
  year={2023},
  publisher={Elsevier}
}

@article{zhu2024inductive,
  title={Inductive Conformal Prediction Enhanced LSTM-SNN Network: Applications to Birds and UAVs Recognition},
  author={Zhu, Nannan and Xi, Zepu and Wu, Chaoxian and Zhong, Fuli and Qi, Rui and Chen, Hongbo and Xu, Shiyou and Ji, Wenshuai},
  journal={IEEE Geoscience and Remote Sensing Letters},
  year={2024},
  publisher={IEEE}
}


@article{horstrand2019uav,
  title={A UAV platform based on a hyperspectral sensor for image capturing and on-board processing},
  author={Horstrand, Pablo and Guerra, Ra{\'u}l and Rodr{\'\i}guez, Aythami and D{\'\i}az, Mar{\'\i}a and L{\'o}pez, Sebasti{\'a}n and L{\'o}pez, Jos{\'e} Fco},
  journal={IEEE Access},
  volume={7},
  pages={66919--66938},
  year={2019},
  publisher={IEEE}
}