% Robot Team


% Hyperspectral Imaging


% Remote Sensing


% Machine Learning
