% Robot Team

@article{robot-team-1,
  title={Autonomous learning of new environments with a robotic team employing hyper-spectral remote sensing, comprehensive in-situ sensing and machine learning},
  author={Lary, David J and Schaefer, David and Waczak, John and Aker, Adam and Barbosa, Aaron and Wijeratne, Lakitha OH and Talebi, Shawhin and Fernando, Bharana and Sadler, John and Lary, Tatiana and others},
  journal={Sensors},
  volume={21},
  number={6},
  pages={2240},
  year={2021},
  publisher={MDPI},
  DOI = {10.3390/s21062240}
}

@article{robot-team-2,
  title={Characterizing Water Composition with an Autonomous Robotic Team Employing Comprehensive In-Situ Sensing, Hyperspectral Imaging, Machine Learning, and Conformal Prediction},
  author={Waczak, John and Aker, Adam and Wijeratne, Lakitha OH and Talebi, Shawhin and Fernando, Bharana and Hathurusinghe, Prabuddha and Iqbal, Mazhar and Schaefer, David and Lary, David J},
  year={2024},
  publisher={Preprints},
  DOI = {10.3390/rs16060996}
}

@article{robot-team-gtm,
  title={Unsupervised Characterization of Water Composition with UAV-Based Hyperspectral Imaging and Generative Topographic Mapping},
  author={Waczak, John and Aker, Adam and Wijeratne, Lakitha OH and Talebi, Shawhin and Fernando, Ashen and Dewage, Prabuddha MH and Iqbal, Mazhar and Lary, Matthew and Schaefer, David and Balagopal, Gokul and others},
  journal={Remote Sensing},
  volume={16},
  number={13},
  pages={2430},
  year={2024},
  publisher={MDPI},
  DOI = {10.3390/rs16132430}
}

% SOM

@article{kohonen-som-1,
  title={The self-organizing map},
  author={Kohonen, Teuvo},
  journal={Proceedings of the IEEE},
  volume={78},
  number={9},
  pages={1464--1480},
  year={1990},
  publisher={IEEE},
  doi={10.1109/5.58325}
  notes={
      - original SOM implementation
  }
}

@article{som-satellite,
  title={Using self-organizing maps to identify patterns in satellite imagery},
  author={Richardson, Anthony J and Risien, C and Shillington, Frank Alan},
  journal={Progress in Oceanography},
  volume={59},
  number={2-3},
  pages={223--239},
  year={2003},
  publisher={Elsevier},
  doi={10.1016/j.pocean.2003.07.006},
  notes={
      - SOM for identifying synoptic-scale wind patterns
      - SOM for identifying synoptic-scale sea surface temperature patterns
  }
}

@incollection{som-cost-function,
  title={Energy functions for self-organizing maps},
  author={Heskes, Tom},
  booktitle={Kohonen maps},
  pages={303--315},
  year={1999},
  doi={10.1016/B978-044450270-4/50024-3},
  publisher={Elsevier},
  notes={
      - reinterpretation of SOM algroithm as stochastic gradient descent on energy surface
  }
}


@article{som-hsi,
  title={Feature Selection Using Self Organizing Map Oriented Evolutionary Approach},
  author={OÄŸuzhan Ceylan and G{\"u}lsen Taskin Kaya},
  journal={2021 IEEE International Geoscience and Remote Sensing Symposium IGARSS},
  year={2021},
  pages={4003-4006},
  doi={10.1109/IGARSS47720.2021.9553491},
  url={https://api.semanticscholar.org/CorpusID:238750026},
  notes={
      - use SOM with HSI for spectral feature selection
  }
}

@inproceedings{msom-remote-sensing,
  title={A multiple self-organizing map scheme for remote sensing classification},
  author={Wan, Weijian and Fraser, Donald},
  booktitle={International Workshop on Multiple Classifier Systems},
  pages={300--309},
  year={2000},
  organization={Springer},
  doi={10.1007/3-540-45014-9_29}
  notes={
      - uses SOM for classification of remote sensing imagery
  }
}

@article{amitrano2022urban,
  title={Urban area mapping using multitemporal SAR images in combination with self-organizing map clustering and object-based image analysis},
  author={Amitrano, Donato and Di Martino, Gerardo and Iodice, Antonio and Riccio, Daniele and Ruello, Giuseppe},
  journal={Remote Sensing},
  volume={15},
  number={1},
  pages={122},
  year={2022},
  publisher={MDPI},
  doi={10.3390/rs15010122},
  notes={
      - recent use of SOM for SAR data and urban area classification
  }
}

@article{penfound2021analysis,
  title={Analysis of wetland landcover change in Great Lakes urban areas using self-organizing maps},
  author={Penfound, Elissa and Vaz, Eric},
  journal={Remote Sensing},
  volume={13},
  number={24},
  pages={4960},
  year={2021},
  publisher={MDPI},
  doi={10.3390/rs13244960},
  notes={
      - use SOM + DEM data to asses weland landcover changes
  }
}

@article{danielsen2021self,
  title={Self-organizing maps for clustering hyperspectral images on-board a cubesat},
  author={Danielsen, Aksel S and Johansen, Tor Arne and Garrett, Joseph L},
  journal={Remote Sensing},
  volume={13},
  number={20},
  pages={4174},
  year={2021},
  publisher={MDPI},
  doi={10.3390/rs13204174},
  notes={
      - use SOM for classifying HSI data on-board CubeSats
  }
}

@article{duran2007time,
  title={A time-efficient method for anomaly detection in hyperspectral images},
  author={Duran, Olga and Petrou, Maria},
  journal={IEEE Transactions on Geoscience and Remote Sensing},
  volume={45},
  number={12},
  pages={3894--3904},
  year={2007},
  publisher={IEEE},
  doi={10.1109/TGRS.2007.909205}
}

@article{riese2019supervised,
  title={Supervised and semi-supervised self-organizing maps for regression and classification focusing on hyperspectral data},
  author={Riese, Felix M and Keller, Sina and Hinz, Stefan},
  journal={Remote Sensing},
  volume={12},
  number={1},
  pages={7},
  year={2019},
  publisher={MDPI},
  doi={10.3390/rs12010007},
}


% GTM
@article{gtm-orig,
  title={GTM: The generative topographic mapping},
  author={Bishop, Christopher M and Svens{\'e}n, Markus and Williams, Christopher KI},
  journal={Neural computation},
  volume={10},
  number={1},
  pages={215--234},
  year={1998},
  publisher={MIT Press},
  doi={10.1162/089976698300017953}
}

@article{gtm-developments,
  title={Developments of the generative topographic mapping},
  author={Bishop, Christopher M and Svens{\'e}n, Markus and Williams, Christopher KI},
  journal={Neurocomputing},
  volume={21},
  number={1-3},
  pages={203--224},
  year={1998},
  publisher={Elsevier},
  doi={10.1016/S0925-2312(98)00043-5}
}

@article{gtm-fuel-cells,
  title={Technology opportunity discovery of proton exchange membrane fuel cells based on generative topographic mapping},
  author={Teng, Fei and Sun, Yuling and Chen, Fang and Qin, Aning and Zhang, Qi},
  journal={Technological Forecasting and Social Change},
  volume={169},
  pages={120859},
  year={2021},
  publisher={Elsevier},
  doi={10.1016/j.techfore.2021.120859},
}

@article{parallel-gtm,
  title={Parallel generative topographic mapping: an efficient approach for big data handling},
  author={Lin, Arkadii and Baskin, Igor I and Marcou, Gilles and Horvath, Dragos and Beck, Bernd and Varnek, Alexandre},
  journal={Molecular Informatics},
  volume={39},
  number={12},
  pages={2000009},
  year={2020},
  publisher={Wiley Online Library},
  doi={10.1002/minf.202000009},
}


@article{em-algorithm,
  title={Maximum likelihood from incomplete data via the EM algorithm},
  author={Dempster, Arthur P and Laird, Nan M and Rubin, Donald B},
  journal={Journal of the royal statistical society: series B (methodological)},
  volume={39},
  number={1},
  pages={1--22},
  year={1977},
  publisher={Wiley Online Library},
  doi={10.1111/j.2517-6161.1977.tb01600.x},
}


@book{biship-prml,
author = {Bishop, Christopher M.},
title = {Pattern Recognition and Machine Learning (Information Science and Statistics)},
year = {2006},
isbn = {0387310738},
publisher = {Springer-Verlag},
address = {Berlin, Heidelberg}
pages={435-455}
}



% NMF
@article{pmf-orig,
  title={Positive matrix factorization: A non-negative factor model with optimal utilization of error estimates of data values},
  author={Paatero, Pentti and Tapper, Unto},
  journal={Environmetrics},
  volume={5},
  number={2},
  pages={111--126},
  year={1994},
  publisher={Wiley Online Library},
  doi={10.1002/env.3170050203}
}

@article{pmf-algs,
  title={Least squares formulation of robust non-negative factor analysis},
  author={Paatero, Pentti},
  journal={Chemometrics and intelligent laboratory systems},
  volume={37},
  number={1},
  pages={23--35},
  year={1997},
  publisher={Elsevier},
  doi={10.1016/S0169-7439(96)00044-5}
}


@article{ulbrich2009interpretation,
  title={Interpretation of organic components from Positive Matrix Factorization of aerosol mass spectrometric data},
  author={Ulbrich, IM and Canagaratna, MR and Zhang, Qi and Worsnop, DR and Jimenez, JL},
  journal={Atmospheric Chemistry and Physics},
  volume={9},
  number={9},
  pages={2891--2918},
  year={2009},
  publisher={Copernicus GmbH},
  doi={10.5194/acp-9-2891-2009},
}


@article{nmf-orig,
  title={Learning the parts of objects by non-negative matrix factorization},
  author={Lee, Daniel D and Seung, H Sebastian},
  journal={nature},
  volume={401},
  number={6755},
  pages={788--791},
  year={1999},
  publisher={Nature Publishing Group UK London},
  doi={10.1038/44565}
}

@inproceedings{nmf-algorithms,
 author = {Lee, Daniel and Seung, H. Sebastian},
 booktitle = {Advances in Neural Information Processing Systems},
 editor = {T. Leen and T. Dietterich and V. Tresp},
 pages = {},
 publisher = {MIT Press},
 title = {Algorithms for Non-negative Matrix Factorization},
 url = {https://proceedings.neurips.cc/paper_files/paper/2000/file/f9d1152547c0bde01830b7e8bd60024c-Paper.pdf},
 volume = {13},
 year = {2000}
}


@inproceedings{nmf-l21,
  title={Robust nonnegative matrix factorization using l21-norm},
  author={Kong, Deguang and Ding, Chris and Huang, Heng},
  booktitle={Proceedings of the 20th ACM international conference on Information and knowledge management},
  pages={673--682},
  year={2011},
  doi={10.1145/2063576.2063676}
}


% Nonlinear Mixing Effects
@article{hsi-water-fluorescence,
  title={Fluorescence component in the reflectance spectra from coastal waters. Dependence on water composition},
  author={Gilerson, A and Zhou, J and Hlaing, S and Ioannou, I and Schalles, J and Gross, B and Moshary, F and Ahmed, S},
  journal={Optics Express},
  volume={15},
  number={24},
  pages={15702--15721},
  year={2007},
  publisher={Optica Publishing Group},
  doi={10.1364/OE.15.015702}
}


% Nonlinear mixing effects in Water-HSI
@article{hsi-fluorescence,
  title={Fluorescence component in the reflectance spectra from coastal waters. Dependence on water composition},
  author={Gilerson, A and Zhou, J and Hlaing, S and Ioannou, I and Schalles, J and Gross, B and Moshary, F and Ahmed, S},
  journal={Optics Express},
  volume={15},
  number={24},
  pages={15702--15721},
  year={2007},
  publisher={Optica Publishing Group},
  DOI={10.1364/OE.15.015702}
}

@article{hsi-absorption,
  title={CDOM absorption properties of natural water bodies along extreme environmental gradients},
  author={Nima, Ciren and Frette, {\O}yvind and Hamre, B{\o}rge and Stamnes, Jakob J and Chen, Yi-Chun and S{\o}rensen, Kai and Norli, Marit and Lu, Daren and Xing, Qianguo and Muyimbwa, Dennis and others},
  journal={Water},
  volume={11},
  number={10},
  pages={1988},
  year={2019},
  publisher={MDPI},
  doi={10.3390/w11101988}
}

@article{hsi-turibidity,
  title={Influence of dissolved organic materials on turbid water optical properties and remote-sensing reflectance},
  author={Witte, WG and Whitlock, CH and Harriss, RC and Usry, JW and Poole, LR and Houghton, WM and Morris, WD and Gurganus, EA},
  journal={Journal of Geophysical Research: Oceans},
  volume={87},
  number={C1},
  pages={441--446},
  year={1982},
  publisher={Wiley Online Library},
  DOI={10.1029/JC087iC01p00441}
}

% HSI Unmixing

@article{unmixing-nmf-review,
  title={Hyperspectral unmixing based on nonnegative matrix factorization: A comprehensive review},
  author={Feng, Xin-Ru and Li, Heng-Chao and Wang, Rui and Du, Qian and Jia, Xiuping and Plaza, Antonio},
  journal={IEEE Journal of Selected Topics in Applied Earth Observations and Remote Sensing},
  volume={15},
  pages={4414--4436},
  year={2022},
  publisher={IEEE}
  doi={10.1109/JSTARS.2022.3175257}
}

@article{vca-orig,
  title={Vertex component analysis: A fast algorithm to unmix hyperspectral data},
  author={Nascimento, Jos{\'e} MP and Dias, Jos{\'e} MB},
  journal={IEEE transactions on Geoscience and Remote Sensing},
  volume={43},
  number={4},
  pages={898--910},
  year={2005},
  publisher={IEEE},
  doi={10.1109/TGRS.2005.844293}
}

@inproceedings{ppi-orig,
  title={Mapping target signatures via partial unmixing of AVIRIS data},
  author={Boardman, Joseph W and Kruse, Fred A and Green, Robert O},
  booktitle={Summaries of the fifth annual JPL airborne earth science workshop. Volume 1: AVIRIS workshop},
  year={1995}
}


@inproceedings{N-FINDR-orig,
  title={N-FINDR: An algorithm for fast autonomous spectral end-member determination in hyperspectral data},
  author={Winter, Michael E},
  booktitle={Imaging spectrometry V},
  volume={3753},
  pages={266--275},
  year={1999},
  organization={SPIE},
  doi={10.1117/12.366289}
}

@article{spectral-unmixing-orig,
  author={Keshava, N. and Mustard, J.F.},
  journal={IEEE Signal Processing Magazine}, 
  title={Spectral unmixing}, 
  year={2002},
  volume={19},
  number={1},
  pages={44-57},
  keywords={Hyperspectral sensors;Layout;Reflectivity;Remote sensing;Spectroscopy;Hyperspectral imaging;Spatial resolution;Data mining;Atmospheric modeling;Analytical models},
  doi={10.1109/79.974727}, 
}

@inproceedings{fcls-unmixing,
  title={Fully constrained least-squares based linear unmixing [hyperspectral image classification]},
  author={Heinz, Daniel and Chang, C-I and Althouse, Mark LG},
  booktitle={IEEE 1999 International Geoscience and Remote Sensing Symposium. IGARSS'99 (Cat. No. 99CH36293)},
  volume={2},
  pages={1401--1403},
  year={1999},
  organization={IEEE},
  DOI={10.1109/IGARSS.1999.774644}
}

@inproceedings{cantero2004analysis,
  title={Analysis of the behavior of a neural network model in the identification and quantification of hyperspectral signatures applied to the determination of water quality},
  author={Cantero, MC and Perez, RM and Martinez, Pablo J and Aguilar, PL and Plaza, Javier and Plaza, Antonio},
  booktitle={Chemical and Biological Standoff Detection II},
  volume={5584},
  pages={174--185},
  year={2004},
  organization={SPIE},
  doi={10.1117/12.580058}
}

@article{jiang2020classification,
  title={Classification endmember selection with multi-temporal hyperspectral data},
  author={Jiang, Tingxuan and van der Werff, Harald and van der Meer, Freek},
  journal={Remote Sensing},
  volume={12},
  number={10},
  pages={1575},
  year={2020},
  publisher={MDPI},
  doi={10.3390/rs12101575}
}

@article{palsson2020convolutional,
  title={Convolutional autoencoder for spectral--spatial hyperspectral unmixing},
  author={Palsson, Burkni and Ulfarsson, Magnus O and Sveinsson, Johannes R},
  journal={IEEE Transactions on Geoscience and Remote Sensing},
  volume={59},
  number={1},
  pages={535--549},
  year={2020},
  publisher={IEEE},
  doi={10.1109/TGRS.2020.2992743}
}

@inproceedings{non-negative-autoencoders,
  author={Su, Yuanchao and Marinoni, Andrea and Li, Jun and Plaza, Antonio and Gamba, Paolo},
  booktitle={2017 IEEE International Geoscience and Remote Sensing Symposium (IGARSS)}, 
  title={Nonnegative sparse autoencoder for robust endmember extraction from remotely sensed hyperspectral images}, 
  year={2017},
  volume={},
  number={},
  pages={205-208},
  keywords={Training;Hyperspectral imaging;Algorithm design and analysis;Feature extraction;Image reconstruction;Hyperspectral unmixing;endmember extraction;automatic sampler;nonnegative sparse autoencoder},
  doi={10.1109/IGARSS.2017.8126930},
}


@article{su2019daen,
  title={DAEN: Deep autoencoder networks for hyperspectral unmixing},
  author={Su, Yuanchao and Li, Jun and Plaza, Antonio and Marinoni, Andrea and Gamba, Paolo and Chakravortty, Somdatta},
  journal={IEEE Transactions on Geoscience and Remote Sensing},
  volume={57},
  number={7},
  pages={4309--4321},
  year={2019},
  publisher={IEEE},
  doi={10.1109/TGRS.2018.2890633}
}

@article{borsoi2019deep,
  title={Deep generative endmember modeling: An application to unsupervised spectral unmixing},
  author={Borsoi, Ricardo Augusto and Imbiriba, Tales and Bermudez, Jos{\'e} Carlos Moreira},
  journal={IEEE Transactions on Computational Imaging},
  volume={6},
  pages={374--384},
  year={2019},
  publisher={IEEE},
  doi={10.1109/TCI.2019.2948726}
}

@article{berman2004ice,
  title={ICE: A statistical approach to identifying endmembers in hyperspectral images},
  author={Berman, Mark and Kiiveri, Harri and Lagerstrom, Ryan and Ernst, Andreas and Dunne, Rob and Huntington, Jonathan F},
  journal={IEEE transactions on Geoscience and Remote Sensing},
  volume={42},
  number={10},
  pages={2085--2095},
  year={2004},
  publisher={IEEE},
  doi={10.1109/TGRS.2004.835299},
}

@article{plaza2012endmember,
  title={On endmember identification in hyperspectral images without pure pixels: A comparison of algorithms},
  author={Plaza, Javier and Hendrix, Eligius MT and Garc{\'\i}a, Inmaculada and Mart{\'\i}n, Gabriel and Plaza, Antonio},
  journal={Journal of Mathematical Imaging and Vision},
  volume={42},
  pages={163--175},
  year={2012},
  publisher={Springer},
  doi={10.1007/s10851-011-0276-0}
}


@article{heylen2014review,
  title={A review of nonlinear hyperspectral unmixing methods},
  author={Heylen, Rob and Parente, Mario and Gader, Paul},
  journal={IEEE Journal of Selected Topics in Applied Earth Observations and Remote Sensing},
  volume={7},
  number={6},
  pages={1844--1868},
  year={2014},
  publisher={IEEE},
  doi={10.1109/JSTARS.2014.2320576}
}

@article{unmixing-nmf-review-2,
  title={Hyperspectral Unmixing Based on Nonnegative Matrix Factorization: A Comprehensive Review},
  author={Xin-Ru Feng and Hengchao Li and Rui Wang and Qian Du and Xiuping Jia and Antonio J. Plaza},
  journal={IEEE Journal of Selected Topics in Applied Earth Observations and Remote Sensing},
  year={2022},
  volume={15},
  pages={4414-4436},
  url={https://api.semanticscholar.org/CorpusID:248845748},
  doi={10.1109/JSTARS.2022.3175257}
}


@article{kopavckova2014applying,
  title={Applying spectral unmixing to determine surface water parameters in a mining environment},
  author={Kopa{\v{c}}kov{\'a}, Veronika and Hlad{\'\i}kov{\'a}, Lenka},
  journal={Remote Sensing},
  volume={6},
  number={11},
  pages={11204--11224},
  year={2014},
  publisher={MDPI},
  doi={10.3390/rs61111204},
}

@article{alvarez2020can,
  title={Can UAVs fill the gap between in situ surveys and satellites for habitat mapping?},
  author={Alvarez-Vanhard, Emilien and Houet, Thomas and Mony, Cendrine and Lecoq, Lucie and Corpetti, Thomas},
  journal={Remote Sensing of Environment},
  volume={243},
  pages={111780},
  year={2020},
  publisher={Elsevier},
  doi={10.1016/j.rse.2020.111780}
}

@article{gu2023intrinsic,
  title={Intrinsic Decomposition Embedded Spectral Unmixing for Satellite Hyperspectral Images With Endmembers From UAV Platform},
  author={Gu, Yanfeng and Huang, Yanyuan and Liu, Tianzhu},
  journal={IEEE Transactions on Geoscience and Remote Sensing},
  year={2023},
  publisher={IEEE},
  doi={10.1109/TGRS.2023.3307346}
}


% Drone Papers

@article{banerjee2020uav,
  title={UAV-hyperspectral imaging of spectrally complex environments},
  author={Banerjee, Bikram Pratap and Raval, Simit and Cullen, PJ},
  journal={International Journal of Remote Sensing},
  volume={41},
  number={11},
  pages={4136--4159},
  year={2020},
  publisher={Taylor \& Francis},
  doi={10.1080/01431161.2020.1714771},
}

@article{arroyo2019implementation,
  title={Implementation of a UAV--hyperspectral pushbroom imager for ecological monitoring},
  author={Arroyo-Mora, J Pablo and Kalacska, Margaret and Inamdar, Deep and Soffer, Raymond and Lucanus, Oliver and Gorman, Janine and Naprstek, Tomas and Schaaf, Erica Skye and Ifimov, Gabriela and Elmer, Kathryn and others},
  journal={Drones},
  volume={3},
  number={1},
  pages={12},
  year={2019},
  publisher={MDPI},
  doi={10.3390/drones3010012}
}

@article{lu2021retrieval,
  title={Retrieval of water quality from UAV-borne hyperspectral imagery: A comparative study of machine learning algorithms},
  author={Lu, Qikai and Si, Wei and Wei, Lifei and Li, Zhongqiang and Xia, Zhihong and Ye, Song and Xia, Yu},
  journal={Remote Sensing},
  volume={13},
  number={19},
  pages={3928},
  year={2021},
  publisher={MDPI},
  doi={10.3390/rs13193928}
}

@article{zhang2022selection,
  title={Selection and quantification of best water quality indicators using UAV-mounted hyperspectral data: a case focusing on a local river network in Suzhou City, China},
  author={Zhang, Dingyu and Zeng, Siyu and He, Weiqi},
  journal={Sustainability},
  volume={14},
  number={23},
  pages={16226},
  year={2022},
  publisher={MDPI},
  doi={10.3390/su142316226}
}

@article{vogt2016near,
  title={Near-remote sensing of water turbidity using small unmanned aircraft systems},
  author={Vogt, Michael C and Vogt, Mark E},
  journal={Environmental Practice},
  volume={18},
  number={1},
  pages={18--31},
  year={2016},
  publisher={Taylor \& Francis},
  doi={10.1017/S1466046615000459}
}

@article{horstrand2019uav,
  title={A UAV platform based on a hyperspectral sensor for image capturing and on-board processing},
  author={Horstrand, Pablo and Guerra, Ra{\'u}l and Rodr{\'\i}guez, Aythami and D{\'\i}az, Mar{\'\i}a and L{\'o}pez, Sebasti{\'a}n and L{\'o}pez, Jos{\'e} Fco},
  journal={IEEE Access},
  volume={7},
  pages={66919--66938},
  year={2019},
  publisher={IEEE},
  doi={10.1109/ACCESS.2019.2913957}
  notes={
      - describe a drone equipped with a HSI sensor which can be used for precision agriculture
      - On-board compute enables the computation of spectral/vegetation indices 
  }
}


%  Remote Sensing


@article{ritchie2003remote,
  title={Remote sensing techniques to assess water quality},
  author={Ritchie, Jerry C and Zimba, Paul V and Everitt, James H},
  journal={Photogrammetric engineering \& remote sensing},
  volume={69},
  number={6},
  pages={695--704},
  year={2003},
  publisher={American Society for Photogrammetry and Remote Sensing},
  doi={10.14358/PERS.69.6.695}
  notes={
      - remote sensing can be used to monitor optically-active water quality parameters e.g. turbidity, chlorophyll, and temperature
      - remote sensing platforms are also excellent for change-detection at small spatial scales
      - useful for resource management
      - suspended sediment: most common pollutant by weight/volume in surface waters of freshwater systems. Measurements affected by    
                            type, texture, color, viewing geometry, and water depth
      - algae/chlorophyll: monitoring is important for managing eutrophication. Determination by remote sensing can be confounded by 
                           presence of suspended sediments. HSI data can help distinguish between algal groups, e.g. green vs blue algae.
      - aquatic vascular plants: overgrowth of macrophytes can clog reservoirs. Focus on three species: hyacinth, hydrilla, giant 
                                 salvinia. UAV systems can be used to detect noxious aquatic weeds.
      - temperature: remote sensing can be used to map thermal discharge into water bodies. 
      
  }
}

@article{melesse2007remote,
  title={Remote sensing sensors and applications in environmental resources mapping and modelling},
  author={Melesse, Assefa M and Weng, Qihao and Thenkabail, Prasad S and Senay, Gabriel B},
  journal={Sensors},
  volume={7},
  number={12},
  pages={3209--3241},
  year={2007},
  publisher={Molecular Diversity Preservation International},
  doi={10.3390/s7123209}
  notes={
      - remote sensing can be used for environmental resource mapping, e.g. urban studies, hydrological modelling, land-cover mapping, 
        floodplain mapping, vegetation cover, etc. 
      - urban component surfaces exhibit unique radiative, thermal, moisture, and aerodynamic properties
      - remote sensing enables indirect estimation of hydrological parameters
  }
}

@article{joyce2009review,
  title={A review of the status of satellite remote sensing and image processing techniques for mapping natural hazards and disasters},
  author={Joyce, Karen E and Belliss, Stella E and Samsonov, Sergey V and McNeill, Stephen J and Glassey, Phil J},
  journal={Progress in physical geography},
  volume={33},
  number={2},
  pages={183--207},
  year={2009},
  publisher={Sage Publications Sage UK: London, England},
  doi={10.1177/0309133309339563},
  notes={
      - remote sensing applications for natural hazards/disasters: earthquakes, faulting, volcanic activity, flooding, wildfires, and 
        associated damage.
      - key challenge: rapid acquisition, processing, and product delivery to emergency services as an end user
  }
}

@article{ross2019aquasat,
  title={AquaSat: A data set to enable remote sensing of water quality for inland waters},
  author={Ross, Matthew RV and Topp, Simon N and Appling, Alison P and Yang, Xiao and Kuhn, Catherine and Butman, David and Simard, Marc and Pavelsky, Tamlin M},
  journal={Water Resources Research},
  volume={55},
  number={11},
  pages={10012--10025},
  year={2019},
  publisher={Wiley Online Library},
  doi={10.1029/2019WR024883},
  notes={
      - created large dataset of 600,000 water quality records matching suspended sediment, dissolved organic carbon, chlorophyll-a, and secchi disk depth to remote sensing imagery from Landsat 5, 7, 8 covering 1984 to 2019 
  }
}


@article{aurin2018remote,
  title={Remote sensing of CDOM, CDOM spectral slope, and dissolved organic carbon in the global ocean},
  author={Aurin, Dirk and Mannino, Antonio and Lary, David J},
  journal={Applied Sciences},
  volume={8},
  number={12},
  pages={2687},
  year={2018},
  publisher={MDPI},
  doi={10.3390/app8122687}
  notes={
      - comprehensive dataset combining in-situ measurements from 500 field compaigns over 30 years with paired remote sensing imagery for CDOM, particulate organic carbon, etc. 
  }
}

@article{fingas2017review,
  title={A review of oil spill remote sensing},
  author={Fingas, Merv and Brown, Carl E},
  journal={sensors},
  volume={18},
  number={1},
  pages={91},
  year={2017},
  publisher={MDPI},
  doi={10.3390/s18010091},
  notes={
      - oil shows minor optical properties in UV-IR region of EM spectrum. Variability in reflectance/absorbance dpends on oil type, 
        oil evaporation, weather conditions, and solar illumination
      - visible spectrum remains active research area as well as economical method for monitoring oil spills
  }
}

@article{bonansea2015using,
  title={Using multi-temporal Landsat imagery and linear mixed models for assessing water quality parameters in R{\'\i}o Tercero reservoir (Argentina)},
  author={Bonansea, Matias and Rodriguez, Mar{\'\i}a Claudia and Pinotti, Lucio and Ferrero, Susana},
  journal={Remote Sensing of Environment},
  volume={158},
  pages={28--41},
  year={2015},
  publisher={Elsevier},
  doi={10.1016/j.rse.2014.10.032},
  notes={
      - estimate chlorphyll-a and Secchi Disk Transparency using Landsat imagery + ancillary data with linear mixed models (LMM)
  }
}

@article{sagan2020monitoring,
  title={Monitoring inland water quality using remote sensing: Potential and limitations of spectral indices, bio-optical simulations, machine learning, and cloud computing},
  author={Sagan, Vasit and Peterson, Kyle T and Maimaitijiang, Maitiniyazi and Sidike, Paheding and Sloan, John and Greeling, Benjamin A and Maalouf, Samar and Adams, Craig},
  journal={Earth-Science Reviews},
  volume={205},
  pages={103187},
  year={2020},
  publisher={Elsevier},
  doi={10.1016/j.earscirev.2020.103187},
  notes={
      - optically and active and inactive parameters can be inferred from spectra
  }
}

% HSI Papers


@article{brando2003satellite,
  title={Satellite hyperspectral remote sensing for estimating estuarine and coastal water quality},
  author={Brando, Vittorio Ernesto and Dekker, Arnold G},
  journal={IEEE transactions on geoscience and remote sensing},
  volume={41},
  number={6},
  pages={1378--1387},
  year={2003},
  publisher={IEEE},
  doi={10.1109/TGRS.2003.812907},
}

@article{moses2012estimation,
  title={Estimation of chlorophyll-a concentration in turbid productive waters using airborne hyperspectral data},
  author={Moses, Wesley J and Gitelson, Anatoly A and Perk, Richard L and Gurlin, Daniela and Rundquist, Donald C and Leavitt, Bryan C and Barrow, Tadd M and Brakhage, Paul},
  journal={Water research},
  volume={46},
  number={4},
  pages={993--1004},
  year={2012},
  publisher={Elsevier},
  doi={10.1016/j.watres.2011.11.068},
}


@article{keller2018hyperspectral,
  title={Hyperspectral data and machine learning for estimating CDOM, chlorophyll a, diatoms, green algae and turbidity},
  author={Keller, Sina and Maier, Philipp M and Riese, Felix M and Norra, Stefan and Holbach, Andreas and B{\"o}rsig, Nicolas and Wilhelms, Andre and Moldaenke, Christian and Zaake, Andr{\'e} and Hinz, Stefan},
  journal={International journal of environmental research and public health},
  volume={15},
  number={9},
  pages={1881},
  year={2018},
  publisher={MDPI},
  doi={10.3390/ijerph15091881},
}

@article{zhang2019hyperspectral,
  title={Hyperspectral image unsupervised classification by robust manifold matrix factorization},
  author={Zhang, Lefei and Zhang, Liangpei and Du, Bo and You, Jane and Tao, Dacheng},
  journal={Information Sciences},
  volume={485},
  pages={154--169},
  year={2019},
  publisher={Elsevier},
  doi={10.1016/j.ins.2019.02.008},
  notes={
      -  unsupervised HSI classification using manifold matrix factorization
      -  Good intro with citation for other approaches, e.g. fuzzy C-means, k-NN density clustering, memetic fuzzy clustering
      - Shortcomings: 
            - methods not purpose-designed for hyperspectral data
            - methods include stochastic steps and there therefore not reproducible
            - methods have high computational cost (spectral methods or O(N^3))
      - nonnegative matrix factorization (NMF) is another technqiue which is becoming more popular
      - robust manifold matrix factorization used in this paper
  }
}



@article{liang2010hyperspectral,
  title={Hyperspectral remote sensing image classification based on ICA and SVM algorithm},
  author={Liang, Liang and Yang, Min-hua and Li, Ying-fang and others},
  journal={Spectroscopy and spectral analysis},
  volume={30},
  number={10},
  pages={2724--2728},
  year={2010},
  publisher={Editorial Office, Spectroscopy and Spectral Analysis},
  doi={10.3964/j.issn.1000-0593(2010)10-2724-05},
  notes={
      - supervised classification of HSI using a combination of ICA and SVM
  }
}


@inproceedings{zhangSVM2014,
    author = {Chunsen Zhang and Yiwei Zheng},
    title = {{Hyperspectral remote sensing image classification based on combined SVM and LDA}},
    volume = {9263},
    booktitle = {Multispectral, Hyperspectral, and Ultraspectral Remote Sensing Technology, Techniques and Applications V},
    editor = {Allen M. Larar and Makoto Suzuki and Jianyu Wang},
    organization = {International Society for Optics and Photonics},
    publisher = {SPIE},
    pages = {92632P},
    keywords = {Hyperspectral , MNF, SVM, LDA , Classification},
    year = {2014},
    doi = {10.1117/12.2070688},
    URL = {https://doi.org/10.1117/12.2070688},
    notes={
        - supervised classification using combination of LDA with SVM
    }
}



@article{khan2018modern,
  title={Modern trends in hyperspectral image analysis: A review},
  author={Khan, Muhammad Jaleed and Khan, Hamid Saeed and Yousaf, Adeel and Khurshid, Khurram and Abbas, Asad},
  journal={Ieee Access},
  volume={6},
  pages={14118--14129},
  year={2018},
  publisher={IEEE},
  doi={10.1109/ACCESS.2018.2812999},
  notes={
      - Applications: Food Quality & Safety, Medical Diagnosis, Precision Agriculture, Water Resource & Flood 
        Management, Forensic Document Examination, 
      - Hyperpsectral unmixing for inks used for forgery detection
  }
}

@article{koponen2002lake,
  title={Lake water quality classification with airborne hyperspectral spectrometer and simulated MERIS data},
  author={Koponen, Sampsa and Pulliainen, Jouni and Kallio, Kari and Hallikainen, Martti},
  journal={Remote Sensing of Environment},
  volume={79},
  number={1},
  pages={51--59},
  year={2002},
  publisher={Elsevier},
  doi={10.1016/S0034-4257(01)00238-3},
  notes={
      - Classifify water quality by categories of Secchi Depth, Turbidity, and Chlorophyll-a. 
  }
}

@article{adao2017hyperspectral,
  title={Hyperspectral imaging: A review on UAV-based sensors, data processing and applications for agriculture and forestry},
  author={Ad{\~a}o, Telmo and Hru{\v{s}}ka, Jon{\'a}{\v{s}} and P{\'a}dua, Lu{\'\i}s and Bessa, Jos{\'e} and Peres, Emanuel and Morais, Raul and Sousa, Joaquim Joao},
  journal={Remote sensing},
  volume={9},
  number={11},
  pages={1110},
  year={2017},
  publisher={MDPI},
  doi={10.3390/rs9111110},
  notes={
      - UAVs are emerging as a popular, cost-effective remote sensing solution
      - Coupled with minaturized HSI, such a platform provides significant advantages
  }
}

@book{thenkabail2018hyperspectral,
  title={Hyperspectral indices and image classifications for agriculture and vegetation},
  author={Thenkabail, Prasad S and Lyon, John G and Huete, Alfredo},
  year={2018},
  publisher={CRC press},
  isbn={9781032475851},
  notes={
      - lots of details about spectral indices
  }
}

@article{thenkabail-indices,
  title={Hyperspectral vegetation indices and their relationships with agricultural crop characteristics},
  author={Thenkabail, Prasad S and Smith, Ronald B and De Pauw, Eddy},
  journal={Remote sensing of Environment},
  volume={71},
  number={2},
  pages={158--182},
  year={2000},
  publisher={Elsevier},
  DOI={10.1016/S0034-4257(99)00067-X}
}

@article{ndvi-variability,
  title={Multi-sensor NDVI data continuity: Uncertainties and implications for vegetation monitoring applications},
  author={Van Leeuwen, Willem JD and Orr, Barron J and Marsh, Stuart E and Herrmann, Stefanie M},
  journal={Remote sensing of environment},
  volume={100},
  number={1},
  pages={67--81},
  year={2006},
  publisher={Elsevier},
  DOI={10.1016/j.rse.2005.10.002}
}

@inproceedings{yousefi2016mineral,
  title={Mineral identification in hyperspectral imaging using Sparse-PCA},
  author={Yousefi, Bardia and Sojasi, Saeed and Castanedo, Clemente Ibarra and Beaudoin, Georges and Huot, Fran{\c{c}}ois and Maldague, Xavier PV and Chamberland, Martin and Lalonde, Erik},
  booktitle={Thermosense: thermal infrared applications XXXVIII},
  volume={9861},
  pages={312--322},
  year={2016},
  organization={SPIE},
  doi={10.1117/12.2224393},
  notes={
      - identification of mineral grains by sparse principal component analysis
      - endmembers identified as highest sparse principle component
      - abundance identified using kernel Extreme Learning Machine
  }
}


@article{cariou2015unsupervised,
  title={Unsupervised nearest neighbors clustering with application to hyperspectral images},
  author={Cariou, Claude and Chehdi, Kacem},
  journal={IEEE Journal of Selected Topics in Signal Processing},
  volume={9},
  number={6},
  pages={1105--1116},
  year={2015},
  doi={10.1109/JSTSP.2015.2413371},
  publisher={IEEE}
}

@inproceedings{zhang2015hyperspectral,
  title={Hyperspectral image visualization using t-distributed stochastic neighbor embedding},
  author={Zhang, Biyin and Yu, Xin},
  booktitle={MIPPR 2015: Remote Sensing Image Processing, Geographic Information Systems, and Other Applications},
  volume={9815},
  pages={14--21},
  year={2015},
  organization={SPIE},
  doi={10.1117/12.2205840},
}

@article{tyo2003principal,
  title={Principal-components-based display strategy for spectral imagery},
  author={Tyo, J Scott and Konsolakis, Athanasios and Diersen, David I and Olsen, Richard Christopher},
  journal={IEEE transactions on geoscience and remote sensing},
  volume={41},
  number={3},
  pages={708--718},
  year={2003},
  publisher={IEEE},
  doi={10.1109/TGRS.2003.808879},
}


% Georectification


@article{muller2002program,
  title={A program for direct georeferencing of airborne and spaceborne line scanner images},
  author={Muller, R and Lehner, Manfred and Muller, Rainer and Reinartz, Peter and Schroeder, Manfred and Vollmer, Beate},
  journal={International Archives of Photogrammetry Remote Sensing and Spatial Information Sciences},
  volume={34},
  number={1},
  pages={148--153},
  year={2002},
  publisher={NATURAL RESOURCES CANADA}
}

@inproceedings{baumker2001new,
  title={New calibration and computing method for direct georeferencing of image and scanner data using the position and angular data of an hybrid inertial navigation system},
  author={B{\"a}umker, M and Heimes, FJ},
  booktitle={OEEPE Workshop, Integrated Sensor Orientation},
  pages={1--17},
  year={2001}
}

@article{mostafa2000multi,
  title={A multi-sensor system for airborne image capture and georeferencing},
  author={Mostafa, Mohamed MR and Schwarz, Klaus-Peter},
  journal={Photogrammetric engineering and remote sensing},
  volume={66},
  number={12},
  pages={1417--1424},
  year={2000},
  publisher={ASPRS AMERICAN SOCIETY FOR PHOTOGRAMMETRY AND}
}


% Reflectance Conversion

@article{ruddick2019review,
  title={A review of protocols for fiducial reference measurements of downwelling irradiance for the validation of satellite remote sensing data over water},
  author={Ruddick, Kevin G and Voss, Kenneth and Banks, Andrew C and Boss, Emmanuel and Castagna, Alexandre and Frouin, Robert and Hieronymi, Martin and Jamet, Cedric and Johnson, B Carol and Kuusk, Joel and others},
  journal={Remote Sensing},
  volume={11},
  number={15},
  pages={1742},
  year={2019},
  publisher={MDPI},
  doi={10.3390/rs11151742},
}

% Julia papers

@article{bezanson2012julia,
  title={Julia: A fast dynamic language for technical computing},
  author={Bezanson, Jeff and Karpinski, Stefan and Shah, Viral B and Edelman, Alan},
  journal={arXiv preprint arXiv:1209.5145},
  year={2012},
  doi={10.48550/arXiv.1209.5145},
}

@article{blaom2020mlj,
  title={MLJ: A Julia package for composable machine learning},
  author={Blaom, Anthony D and Kiraly, Franz and Lienart, Thibaut and Simillides, Yiannis and Arenas, Diego and Vollmer, Sebastian J},
  journal={arXiv preprint arXiv:2007.12285},
  year={2020},
  doi={10.48550/arXiv.2007.12285},
}

@misc{gtm-code,
  author       = {John Waczak},
  title        = {GenerativeTopographicMapping.jl},
  year         = 2024,
  publisher    = {Zenodo},
  version      = {v0.4.0},
  doi          = {10.5281/zenodo.11061258},
  url          = {https://doi.org/10.5281/zenodo.11061258}
}


% Optimal Route Planning 


@incollection{balas2007prize,
  title={The prize collecting traveling salesman problem and its applications},
  author={Balas, Egon},
  booktitle={The traveling salesman problem and its variations},
  pages={663--695},
  year={2007},
  publisher={Springer},
  isbn={9781402006647},
}

@article{mcmahon2016autonomous,
  title={Autonomous data collection with limited time for underwater vehicles},
  author={McMahon, James and Plaku, Erion},
  journal={IEEE Robotics and Automation Letters},
  volume={2},
  number={1},
  pages={112--119},
  year={2016},
  publisher={IEEE},
  doi={10.1109/LRA.2016.2553175}
}

@article{suryan2020learning,
  title={Learning a spatial field in minimum time with a team of robots},
  author={Suryan, Varun and Tokekar, Pratap},
  journal={IEEE Transactions on Robotics},
  volume={36},
  number={5},
  pages={1562--1576},
  year={2020},
  publisher={IEEE},
  doi={10.1109/TRO.2020.2994003},
}



% --- USGS Spectral Library --------------

@techreport{usgs-spectra,
  title={USGS spectral library version 7},
  author={Kokaly, Raymond F and Clark, Roger N and Swayze, Gregg A and Livo, K Eric and Hoefen, Todd M and Pearson, Neil C and Wise, Richard A and Benzel, William and Lowers, Heather A and Driscoll, Rhonda L and others},
  year={2017},
  institution={US Geological Survey},
  doi = {10.3133/ds1035}
}


% --- HSI Satellites -----------------
@inproceedings{PRISMA-orig,
  title={PRISMA: The Italian hyperspectral mission},
  author={Loizzo, Rosa and Guarini, Rocchina and Longo, Francesco and Scopa, Tiziana and Formaro, Roberto and Facchinetti, Claudia and Varacalli, Giancarlo},
  booktitle={IGARSS 2018-2018 IEEE international geoscience and remote sensing symposium},
  pages={175--178},
  year={2018},
  organization={IEEE},
  DOI={10.1109/IGARSS.2018.8518512}
}

@article{EnMAP-orig,
  title={The EnMAP imaging spectroscopy mission towards operations},
  author={Storch, Tobias and Honold, Hans-Peter and Chabrillat, Sabine and Habermeyer, Martin and Tucker, Paul and Brell, Maximilian and Ohndorf, Andreas and Wirth, Katrin and Betz, Matthias and Kuchler, Michael and others},
  journal={Remote Sensing of Environment},
  volume={294},
  pages={113632},
  year={2023},
  publisher={Elsevier},
  DOI={10.1016/j.rse.2023.113632}
}

@inproceedings{PACE-orig,
  title={The NASA Plankton, Aerosol, Cloud, ocean Ecosystem (PACE) mission: an emerging era of global, hyperspectral Earth system remote sensing},
  author={Gorman, Eric T and Kubalak, David A and Patel, Deepak and Mott, David B and Meister, Gerhard and Werdell, P Jeremy and others},
  booktitle={Sensors, systems, and next-generation satellites XXIII},
  volume={11151},
  pages={78--84},
  year={2019},
  organization={SPIE},
  doi={10.1117/12.2537146}
}


@inproceedings{CHIME-orig,
  title={Copernicus hyperspectral imaging mission for the environment (chime)},
  author={Rast, Michael and Nieke, Jens and Adams, Jennifer and Isola, Claudia and Gascon, Ferran},
  booktitle={2021 IEEE international geoscience and remote sensing symposium IGARSS},
  pages={108--111},
  year={2021},
  organization={IEEE},
  DOI={10.1109/IGARSS47720.2021.9553319}
}


% --- NDWI
@article{ndwi,
  title={The use of the Normalized Difference Water Index (NDWI) in the delineation of open water features},
  author={McFeeters, Stuart K},
  journal={International journal of remote sensing},
  volume={17},
  number={7},
  pages={1425--1432},
  year={1996},
  publisher={Taylor \& Francis},
  doi={10.1080/01431169608948714}
}