@article{ude-paper,
  title={Universal differential equations for scientific machine learning},
  author={Rackauckas, Christopher and Ma, Yingbo and Martensen, Julius and Warner, Collin and Zubov, Kirill and Supekar, Rohit and Skinner, Dominic and Ramadhan, Ali and Edelman, Alan},
  journal={arXiv preprint arXiv:2001.04385},
  year={2020}
}