@misc{enVerid,
    author= {{enVerid}},
    year  = {2022},
    title = {Leaders in Indoor Air Quality and Energy Efficiency Share Framework for Achieving Healthy Indoor Air While Decarbonizing Buildings},
    note  = {\url{https://enverid.com/awards/leaders-in-indoor-air-quality-and-energy-efficiency-share-framework-for-achieving-healthy-indoor-air-while-decarbonizing-buildings/}, 
             Last accessed on 2022-12-01},
}

@misc{enVeridWhitePaper,
    author= {{enVerid}},
    year  = {2022},
    title = {How to Achieve Sustainable Indoor Air Quality: A Roadmap to Simultaneously Improving Indoor Air Quality & Meeting Building Decarbonization and Climate Resiliency Goals},
    note  = {\url{https://enverid.com/resources/learning/how-to-achieve-sustainable-indoor-air-quality-a-roadmap-to-simultaneously-improving-indoor-air-quality-meeting-building-decarbonization-and-climate-resiliency-goals/}, 
             Last accessed on 2022-12-01},
}

