jwaczak@zeus.204023:1696942695