@article{Raissi2021,
	title        = {Physics-informed neural networks: A deep learning framework for solving forward and inverse problems involving nonlinear partial differential equations},
	author       = {Raissi, Maziar and Karniadakis, George Em},
	year         = 2021,
	journal      = {Journal of Computational Physics},
	publisher    = {Elsevier},
	volume       = 378,
	pages        = {686--707},
}
@article{Wu2021,
	title        = {A review on physics-informed machine learning: Basic principles, recent developments and future directions},
	author       = {Wu, Jingtao and Zhang, Xiaohua},
	year         = 2021,
	journal      = {Physics Reports},
	publisher    = {Elsevier},
	volume       = 903,
	pages        = {1--45},
}
@article{Bezanson2017,
	title        = {Julia: A Fresh Approach to Numerical Computing},
	author       = {Bezanson, Jeff and Edelman, Alan and Karpinski, Stefan and Shah, Viral B.},
	year         = 2017,
	journal      = {SIAM Review},
	volume       = 59,
	number       = 1,
	pages        = {65--98},
	doi          = {10.1137/141000671},
}
@article{Gubbi2013,
	title        = {Internet of Things ({IoT}): A vision, architectural elements, and future directions},
	author       = {Gubbi, Jayavardhana and Buyya, Rajkumar and Marusic, Slaven and Palaniswami, Marimuthu},
	year         = 2013,
	journal      = {Future Generation Computer Systems},
	volume       = 29,
	number       = 7,
	pages        = {1645--1660},
	doi          = {10.1016/j.future.2013.01.010},
}
@article{Atzori2010,
	title        = {The Internet of Things: A survey},
	author       = {Atzori, Luigi and Iera, Antonio and Morabito, Giacomo},
	year         = 2010,
	journal      = {Computer Networks},
	volume       = 54,
	number       = 15,
	pages        = {2787--2805},
	doi          = {10.1016/j.comnet.2010.05.010},
}
@article{Al-Fuqaha2015,
	title        = {Internet of Things: A survey on enabling technologies, protocols, and applications},
	author       = {Al-Fuqaha, Ala and Guizani, Mohsen and Mohammadi, Mehdi and Aledhari, Mohammed and Ayyash, Mutlag},
	year         = 2015,
	journal      = {IEEE Communications Surveys \& Tutorials},
	volume       = 17,
	number       = 4,
	pages        = {2347--2376},
	doi          = {10.1109/COMST.2015.2444095},
}
@article{Goodfellow2016,
	title        = {Deep Learning},
	author       = {Goodfellow, Ian and Bengio, Yoshua and Courville, Aaron},
	year         = 2016,
	journal      = {MIT Press},
	doi          = {10.1016/j.neunet.2016.10.003},
}
@article{LeCun2015,
	title        = {Deep Learning},
	author       = {LeCun, Yann and Bengio, Yoshua and Hinton, Geoffrey},
	year         = 2015,
	journal      = {Nature},
	volume       = 521,
	number       = 7553,
	pages        = {436--444},
	doi          = {10.1038/nature14539},
}
@article{Jordan2015,
	title        = {Machine learning: Trends, perspectives, and prospects},
	author       = {Jordan, Michael I. and Mitchell, Tom M.},
	year         = 2015,
	journal      = {Science},
	volume       = 349,
	number       = 6245,
	pages        = {255--260},
	doi          = {10.1126/science.aaa8415},
}
@article{Dunbabin2012,
	title        = {Robotic mapping of environmental variables for prediction and control},
	author       = {Dunbabin, Matthew and Marques, Lino},
	year         = 2012,
	journal      = {Philosophical Transactions of the Royal Society A},
	volume       = 370,
	number       = 1962,
	pages        = {298--308},
	doi          = {10.1098/rsta.2011.0243},
}
@article{Rubenstein2014,
	title        = {Programmable self-assembly in a thousand-robot swarm},
	author       = {Rubenstein, Michael and Cornejo, Alejandro and Nagpal, Radhika},
	year         = 2014,
	journal      = {Science},
	volume       = 345,
	number       = 6198,
	pages        = {795--799},
	doi          = {10.1126/science.1254295},
}
@article{Chen2017,
	title        = {Autonomous Robots with Decentralized, Collective Decision-Making},
	author       = {Chen, Yan and Zhu, Xun and Wang, Haibo and Ren, Wei and Yang, Simon X.},
	year         = 2017,
	journal      = {Proceedings of the IEEE},
	volume       = 105,
	number       = 2,
	pages        = {321--337},
	doi          = {10.1109/JPROC.2016.2628400},
}
@article{Plaza2009,
	title        = {Recent advances in techniques for hyperspectral image processing},
	author       = {Plaza, Antonio and Benediktsson, Jon A. and Boardman, James W. and Brazile, Jason and Bruzzone, Lorenzo and Camps-Valls, Gustau and Chanussot, Jocelyn and Fauvel, Mathieu and Gamba, Paolo and Gualtieri, Anthony and others},
	year         = 2009,
	journal      = {Remote Sensing of Environment},
	volume       = 113,
	number       = {S1},
	pages        = {S110--S122},
	doi          = {10.1016/j.rse.2008.10.008},
}
@article{Li2018,
	title        = {Guest Editorial Deep Learning for Hyperspectral Image Analysis},
	author       = {Li, Jun and Plaza, Antonio and Bioucas-Dias, José and Gader, Paul and Chanussot, Jocelyn},
	year         = 2018,
	journal      = {IEEE Transactions on Geoscience and Remote Sensing},
	volume       = 56,
	number       = 3,
	pages        = {1362--1364},
	doi          = {10.1109/TGRS.2018.2801300},
}
@article{Zhu2017,
	title        = {Deep learning in remote sensing: A comprehensive review and list of resources},
	author       = {Zhu, Xiao Xiang and Tuia, Devis and Mou, Lichao and Xia, Gui-Song and Zhang, Liangpei and Xu, Feng},
	year         = 2017,
	journal      = {IEEE Geoscience and Remote Sensing Magazine},
	volume       = 5,
	number       = 4,
	pages        = {8--36},
	doi          = {10.1109/MGRS.2017.2762307},
}
@article{Brook2008,
	title        = {Particulate matter air pollution and cardiovascular disease},
	author       = {Brook, Robert D. and Rajagopalan, Sanjay and Pope III, C. Arden and Brook, Jeffrey R. and Bhatnagar, Aruni and Diez-Roux, Ana V. and Holguin, Fernando and Hong, Yuling and Luepker, Russell V. and Mittleman, Murray A. and others},
	year         = 2010,
	journal      = {Circulation},
	volume       = 121,
	number       = 21,
	pages        = {2331--2378},
	doi          = {10.1161/CIRCULATIONAHA.109.893472},
}
@article{Kelly2011,
	title        = {Air pollution and public health: emerging hazards and improved understanding of risk},
	author       = {Kelly, Frank J. and Fussell, Julian C.},
	year         = 2011,
	journal      = {Environmental Geochemistry and Health},
	volume       = 33,
	number       = 4,
	pages        = {363--373},
	doi          = {10.1007/s10653-011-9415-1},
}
@article{Xu2017,
	title        = {Association between particulate matter air pollution and hospital admissions in patients with chronic obstructive pulmonary disease in Beijing, China},
	author       = {Xu, Xiaohui and Deng, Feng and Guo, Xiuwei and Lv, Ping and Zhong, Hua and Hao, Yuantao and Hu, Guocheng and Huang, Jing and Guo, Yanjun and Liu, Yi and others},
	year         = 2017,
	journal      = {Science of the Total Environment},
	volume       = 579,
	pages        = {1616--1621},
	doi          = {10.1016/j.scitotenv.2016.11.166},
}
@article{IPCC2013,
	title        = {Climate Change 2013: The Physical Science Basis. Contribution of Working Group I to the Fifth Assessment Report of the Intergovernmental Panel on Climate Change},
	author       = {Stocker, T. F. and Qin, D. and Plattner, G.-K. and Tignor, M. and Allen, S. K. and Boschung, J. and Nauels, A. and Xia, Y. and Bex, V. and Midgley, P. M.},
	year         = 2013,
	publisher    = {Cambridge University Press},
	doi          = {10.1017/CBO9781107415324},
}
@article{Friedlingstein2020,
	title        = {Global Carbon Budget 2020},
	author       = {Friedlingstein, Pierre and Jones, Matthew W. and O'Sullivan, Michael and Andrew, Robbie M. and Hauck, Judith and Peters, Glen P. and Peters, Wouter and Pongratz, Julia and Sitch, Stephen and Le Quéré, Corinne and others},
	year         = 2020,
	journal      = {Earth System Science Data},
	volume       = 12,
	number       = 4,
	pages        = {3269--3340},
	doi          = {10.5194/essd-12-3269-2020},
}
@article{Huang2017,
	title        = {Assessment of global surface energy budget datasets using flux tower observations},
	author       = {Huang, Jiaxing and Yu, Lejiang and Guo, Jianping and Guo, Xiaofeng and Wang, Wei and Liu, Chunyan and Ji, Duoying},
	year         = 2017,
	journal      = {Journal of Geophysical Research: Atmospheres},
	volume       = 122,
	number       = 14,
	pages        = {7452--7475},
	doi          = {10.1002/2016JD026049},
}
@book{IPCC1990,
	title        = {Climate change: The IPCC scientific assessment},
	author       = {Houghton, J.T. and Jenkins, G.J. and Ephraums, J.J.},
	year         = 1990,
	publisher    = {Cambridge University Press},
	doi          = {10.1017/CBO9780511623521},
}
@book{IPCC1995,
	title        = {Climate change 1995: The science of climate change},
	author       = {Houghton, J.T. and Meira Filho, L.G. and Callander, B.A. and Harris, N. and Kattenberg, A. and Maskell, K.},
	year         = 1996,
	publisher    = {Cambridge University Press},
	doi          = {10.1017/CBO9780511809286},
}
@book{IPCC2001,
	title        = {Climate change 2001: The scientific basis},
	author       = {Houghton, J.T. and Ding, Y. and Griggs, D.J. and Noguer, M. and van der Linden, P.J. and Dai, X. and Maskell, K. and Johnson, C.A.},
	year         = 2001,
	publisher    = {Cambridge University Press},
	doi          = {10.1017/CBO9780511546013},
}
@book{IPCC2007a,
	title        = {Climate change 2007: The physical science basis},
	author       = {Solomon, S. and Qin, D. and Manning, M. and Chen, Z. and Marquis, M. and Averyt, K.B. and Tignor, M. and Miller Jr, H.L.},
	year         = 2007,
	publisher    = {Cambridge University Press},
	doi          = {10.1017/CBO9780511546013},
}
@book{IPCC2007b,
	title        = {Climate change 2007: Impacts, adaptation and vulnerability},
	author       = {Parry, M.L. and Canziani, O.F. and Palutikof, J.P. and van der Linden, P.J. and Hanson, C.E.},
	year         = 2007,
	publisher    = {Cambridge University Press},
	doi          = {10.1017/CBO9780511546013},
}
@book{IPCC2007c,
	title        = {Climate change 2007: Mitigation of climate change},
	author       = {Metz, B. and Davidson, O.R. and Bosch, P.R. and Dave, R. and Meyer, L.A.},
	year         = 2007,
	publisher    = {Cambridge University Press},
	doi          = {10.1017/CBO9780511813573},
}
@book{IPCC2013a,
	title        = {Climate change 2013: The physical science basis},
	author       = {Stocker, T.F. and Qin, D. and Plattner, G.-K. and Tignor, M. and Allen, S.K. and Boschung, J. and Nauels, A. and Xia, Y. and Bex, V. and Midgley, P.M.},
	year         = 2013,
	publisher    = {Cambridge University Press},
	doi          = {10.1017/CBO9781107415324},
}
@book{IPCC2013b,
	title        = {Climate change 2014: Impacts, adaptation, and vulnerability. Part A: Global and sectoral aspects},
	author       = {Field, C.B. and Barros, V.R. and Dokken, D.J. and Mach, K.J. and Mastrandrea, M.D. and Bilir, T.E. and Chatterjee, M. and Ebi, K.L. and Estrada, Y.O. and Genova, R.C. and others},
	year         = 2014,
	publisher    = {Cambridge University Press},
	doi          = {10.1017/CBO9781107415379},
}
@book{IPCC2014,
	title        = {Climate change 2014: Mitigation of climate change},
	author       = {Edenhofer, O. and Pichs-Madruga, R. and Sokona, Y. and Farahani, E. and Kadner, S. and Seyboth, K. and Adler, A. and Baum, I. and Brunner, S. and Eickemeier, P. and others},
	year         = 2014,
	journal      = {IPCC Working Group II},
	publisher    = {Cambridge University Press},
	doi          = {10.1017/CBO9781107415416},
	url          = {https://www.ipcc.ch/report/ar5/wg2/},
}
@book{IPCC2018,
	title        = {Global warming of 1.5°C. An IPCC special report on the impacts of global warming of 1.5°C above pre-industrial levels and related global greenhouse gas emission pathways, in the context of strengthening the global response to the threat of climate change, sustainable development, and efforts to eradicate poverty},
	author       = {Masson-Delmotte, V. and Zhai, P. and Pörtner, H.-O. and Roberts, D. and Skea, J. and Shukla, P.R. and Pirani, A. and Moufouma-Okia, W. and Péan, C. and Pidcock, R. and others},
	year         = 2018,
	journal      = {IPCC Special Report},
	publisher    = {Intergovernmental Panel on Climate Change},
	url          = {https://www.ipcc.ch/sr15/},
}
@article{raissi2019physics,
	title        = {Physics-informed neural networks: A deep learning framework for solving forward and inverse problems involving nonlinear partial differential equations},
	author       = {Raissi, Maziar and Perdikaris, Paris and Karniadakis, George Em},
	year         = 2019,
	journal      = {Journal of Computational Physics},
	publisher    = {Elsevier},
	volume       = 378,
	pages        = {686--707},
}
@article{rackauckas2020universal,
	title        = {Universal Differential Equations for Scientific Machine Learning},
	author       = {Rackauckas, Christopher and Kelly, David and Nie, Qing and Li, Jesse and Warner, Cody and Dhairya, Malvika and Fang, Jie and Zhou, Eric and Supekar, Rohit and Sandhu, Simranjit and others},
	year         = 2020,
	journal      = {arXiv preprint arXiv:2012.09345},
}
@article{carleo2019machine,
	title        = {Machine learning and the physical sciences},
	author       = {Carleo, Giuseppe and Choo, Kenny and Hofmann, Johannes and Huang, Edward and Hughes, Chris and Hush, Michael and Iten, Raban and McClean, Jarrod and Miles, Christopher and Preskill, John and others},
	year         = 2019,
	journal      = {Reviews of Modern Physics},
	publisher    = {APS},
	volume       = 91,
	number       = 4,
	pages        = {045002},
}
@article{UN2015,
	title        = {Transforming our world: the 2030 Agenda for Sustainable Development},
	author       = {{United Nations}},
	year         = 2015,
	journal      = {UN General Assembly},
	url          = {https://sdgs.un.org/2030agenda},
}
@article{UNEP2017,
	title        = {Adaptation Gap Report 2017},
	author       = {{United Nations Environment Programme}},
	year         = 2017,
	url          = {https://www.unep.org/resources/adaptation-gap-report-2017},
}
@article{NRC2010,
	title        = {Verifying Greenhouse Gas Emissions: Methods to Support International Climate Agreements},
	author       = {{National Research Council}},
	year         = 2010,
	url          = {https://www.nap.edu/catalog/12883/verifying-greenhouse-gas-emissions-methods-to-support-international-climate-agreements},
}
@article{CEN2017,
	title        = {Ecological Sensing: a revolution in biodiversity monitoring},
	author       = {{Centre for Ecology and Hydrology}},
	year         = 2017,
	url          = {https://www.ceh.ac.uk/news-and-media/blogs/ecological-sensing-revolution-biodiversity-monitoring},
}
@article{WHO2018,
	title        = {Climate change and health},
	author       = {{World Health Organization}},
	year         = 2018,
	url          = {https://www.who.int/news-room/fact-sheets/detail/climate-change-and-health},
}
@article{Costello2009,
	title        = {Managing the health effects of climate change: Lancet and University College London Institute for Global Health Commission},
	author       = {Costello, Anthony and Abbas, Mustafa and Allen, Adriana and Ball, Sarah and Bell, Sarah and Bellamy, Richard and Friel, Sharon and Groce, Nora and Johnson, Anne and Kett, Maria and Lee, Maria and Levy, Caron and Maslin, Mark and McCoy, David and McGuire, Bill and Montgomery, Hugh and Napier, David and Pagel, Christina and Patel, Jay and de Oliveira, Jose Augusto P and Redclift, Nanneke and Rees, Helen and Rogger, Daniel and Scott, Joanne and Stephenson, Judith and Twigg, John and Wolff, Jonathan and Patterson, Chris},
	year         = 2009,
	journal      = {The Lancet},
	volume       = 373,
	number       = 9676,
	pages        = {1693--1733},
	url          = {https://www.thelancet.com/journals/lancet/article/PIIS0140-6736(09)60935-1/fulltext},
}
@article{Haines2006,
	title        = {Climate change and human health: Impacts, vulnerability and public health},
	author       = {Haines, Andrew and Kovats, R Sari and Campbell-Lendrum, Diarmid and Corvalán, Carlos},
	year         = 2006,
	journal      = {Public Health},
	volume       = 120,
	number       = 7,
	pages        = {585--596},
	url          = {https://doi.org/10.1016/j.puhe.2006.01.002},
}
@article{Asrar2014,
	title        = {Climate observations: Priorities and gaps in the early 21st century},
	author       = {Asrar, Ghassem R. and Hurrell, James W. and Busalacchi, Antonio J. and Dowdeswell, Julian A. and Fleming, Ronald J. and Friedlingstein, Pierre and Kinter III, James L. and MacCracken, Michael C. and Miller Jr, John R. and Ott, Hermann and others},
	year         = 2014,
	journal      = {Bulletin of the American Meteorological Society},
	volume       = 95,
	number       = 9,
	pages        = {ES161--ES164},
	doi          = {10.1175/BAMS-D-13-00149.1},
}
@article{Wilkinson2013,
	title        = {Remote sensing of the environment with unmanned aerial vehicles (UAVs): A review},
	author       = {Wilkinson, M.J. and Vickery, J. and Snaith, H.M. and Burgoyne, C.J.},
	year         = 2013,
	journal      = {Remote Sensing},
	volume       = 5,
	number       = 7,
	pages        = {3728--3750},
	doi          = {10.3390/rs5073728},
}
@article{Beygi2017,
	title        = {Groundwater quality monitoring using geostatistical and hydrogeological techniques in rural areas of Bangladesh},
	author       = {Beygi, Z. and Adamowski, J. and Khalil, B.},
	year         = 2017,
	journal      = {Environmental Monitoring and Assessment},
	volume       = 189,
	number       = 6,
	pages        = 274,
	doi          = {10.1007/s10661-017-5952-3},
}
@article{Schaefer2016,
	title        = {Acoustic sensing for urban environmental monitoring: Recent advances and future directions},
	author       = {Schaefer, Martin and Oliver, Vicky},
	year         = 2016,
	journal      = {Current Pollution Reports},
	volume       = 2,
	number       = 2,
	pages        = {62--72},
	doi          = {10.1007/s40726-016-0039-x},
}
@article{Asner2013,
	title        = {Canopy and surface imaging for the detection of land cover change},
	author       = {Asner, G.P. and Martin, R.E.},
	year         = 2013,
	journal      = {IEEE Transactions on Geoscience and Remote Sensing},
	volume       = 51,
	number       = 3,
	pages        = {1395--1406},
	doi          = {10.1109/TGRS.2012.2227766},
}
@article{Campbell2015,
	title        = {Groundwater monitoring: Innovative technologies and strategies},
	author       = {Campbell, James E. and Lobitz, Brian and Sullivan, S. Charlotte and Tellinghuisen, Jodi and Wade, Timothy G.},
	year         = 2015,
	journal      = {Environmental Science \& Technology},
	volume       = 49,
	number       = 9,
	pages        = {5060--5076},
	doi          = {10.1021/acs.est.5b00746},
}
@article{Wang2016,
	title        = {Lidar remote sensing for atmospheric aerosol studies},
	author       = {Wang, Jihua and Fan, Xiangyu and Yu, Bailang and Zou, Wei and Chen, Hongchao and Chen, Wei},
	year         = 2016,
	journal      = {Journal of Environmental Sciences},
	volume       = 41,
	pages        = {26--37},
	doi          = {10.1016/j.jes.2015.05.038},
}
@article{Borel2019,
	title        = {In situ and remote sensing technologies to advance coral reef science},
	author       = {Borel, C.C. and Parker, G.G. and Mathews, T.J. and Wing, M.G. and Williams, M. and de La Beaujardière, J. and Mihaly, J.M. and O'Brien, K. and Hart, D. and Beasley, D.L. and others},
	year         = 2019,
	journal      = {Frontiers in Marine Science},
	volume       = 6,
	pages        = 345,
	doi          = {10.3389/fmars.2019.00345},
}
@article{Zhou2020,
	title        = {In situ ocean observing systems: Recent advances and challenges},
	author       = {Zhou, Chuanjiang and Jiang, Jun and Hu, Bin and Huang, Danlian},
	year         = 2020,
	journal      = {Journal of Oceanology and Limnology},
	volume       = 38,
	number       = 2,
	pages        = {324--343},
	doi          = {10.1007/s00343-020-9084-4},
}
@article{Thenkabail2019,
	title        = {Remote sensing of global croplands for food security},
	author       = {Thenkabail, Prasad S.},
	year         = 2019,
	journal      = {Remote Sensing},
	volume       = 11,
	number       = 10,
	pages        = 1261,
	doi          = {10.3390/rs11101261},
}
@article{Buyantuyev2017,
	title        = {Remote sensing applications for land cover and land-use transformations in semiarid and arid environments},
	author       = {Buyantuyev, Alexander and Wu, Jiquan},
	year         = 2017,
	journal      = {Journal of Arid Environments},
	volume       = 140,
	pages        = {1--5},
	doi          = {10.1016/j.jaridenv.2017.01.008},
}
@article{Gamon2016,
	title        = {Spatial and temporal variation in primary productivity (NDVI) of coastal Alaskan tundra: Decreased vegetation growth following earlier snowmelt},
	author       = {Gamon, John A. and Huemmrich, K. Fred and Stone, Robert S. and Tweedie, Craig E.},
	year         = 2016,
	journal      = {Remote Sensing of Environment},
	volume       = 175,
	pages        = {233--242},
	doi          = {10.1016/j.rse.2015.12.051},
}
@article{Wang2017,
	title        = {Remote sensing applications for urban water resources: A review},
	author       = {Wang, Donglian and Xie, Donghui and Xie, Yichun and Chen, Chen},
	year         = 2017,
	journal      = {Remote Sensing},
	volume       = 9,
	number       = 8,
	pages        = 829,
	doi          = {10.3390/rs9080829},
}
@article{Pasher2019,
	title        = {Remote sensing of wetlands: An overview and practical guide},
	author       = {Pasher, Jon and Park, Bum-Jun and Théau, Jérôme and Pimont, Francois and Goetz, Scott},
	year         = 2019,
	journal      = {Wetlands Ecology and Management},
	volume       = 27,
	number       = 2,
	pages        = {129--147},
	doi          = {10.1007/s11273-018-9624-3},
}
@article{Chen2019,
	title        = {A review of air quality modeling: From gas-phase to particulate matter},
	author       = {Chen, Jiawei and Shi, Xiaoming and Li, Xinyi and Wang, Mingjie and Shen, Wei and Liu, Yanzhao},
	year         = 2019,
	journal      = {Advances in Atmospheric Sciences},
	volume       = 36,
	number       = 10,
	pages        = {921--947},
	doi          = {10.1007/s00376-019-9047-1},
}
@article{Hantson2016,
	title        = {The status and challenge of global fire modelling},
	author       = {Hantson, Stijn and Arneth, Almut and Harrison, Sandy P. and Kelley, Douglas I. and Prentice, I. Colin and Rabin, Sam S. and Archibald, Sally and Mouillot, Florent and Arnold, Steve R. and Artaxo, Paulo and others},
	year         = 2016,
	journal      = {Biogeosciences},
	volume       = 13,
	number       = 11,
	pages        = {3359--3375},
	doi          = {10.5194/bg-13-3359-2016},
}
@article{DeLucia2021,
	title        = {The missing soil N: detecting processes driving soil nitrogen storage in complex ecosystems},
	author       = {DeLucia, Evan H. and Gomez-Casanovas, Nuria and Long, Stephen P. and Mayes, Melanie A. and Montgomery, Rebecca A. and Parton, William J. and Sacks, William J. and Schimel, Joshua P. and Verfaillie, Joseph and Silver, Whendee L.},
	year         = 2021,
	journal      = {Journal of Ecology},
	volume       = 109,
	number       = 2,
	pages        = {447--459},
	doi          = {10.1111/1365-2745.13550},
}
@article{Oleson2013,
	title        = {Interactions between land use change and carbon cycle feedbacks},
	author       = {Oleson, K.W. and Lawrence, D.M. and Bonan, G.B. and Flanner, M.G.},
	year         = 2013,
	journal      = {Global Biogeochemical Cycles},
	volume       = 27,
	number       = 4,
	pages        = {972--983},
	doi          = {10.1002/gbc.20073},
}
@article{Clark2016,
	title        = {Urbanization, climate change and economic growth: Challenges and opportunities for policy makers},
	author       = {Clark, Martyn P. and Adger, W. Neil and Dessai, Suraje and Goulden, Marisa and Cash, David W. and Stern, Nicholas and Gonzalez, Richard and Dickson, Neil M. and Levermann, Anders},
	year         = 2016,
	journal      = {Science of the Total Environment},
	volume       = {557-558},
	pages        = {279--291},
	doi          = {10.1016/j.scitotenv.2016.03.022},
}


@Comment -------------- Gaussian Process Regression -------------------------------------------

@book{gaussian-process-book,
  title={Gaussian processes for machine learning},
  author={Rasmussen, Carl Edward and Williams, Christopher KI and others},
  volume={1},
  year={2006},
  publisher={Springer}
}



@Comment -------------- Self Organizing Maps -------------------------------------------

@article{kohonen-original,
  title={Self-organized formation of topologically correct feature maps},
  author={Kohonen, Teuvo},
  journal={Biological cybernetics},
  volume={43},
  number={1},
  pages={59--69},
  year={1982},
  publisher={Springer}
}



@Comment -------------- Generative Topographic Maps -------------------------------------------

@article{gtm-orig,
  title={GTM: The generative topographic mapping},
  author={Bishop, Christopher M and Svens{\'e}n, Markus and Williams, Christopher KI},
  journal={Neural computation},
  volume={10},
  number={1},
  pages={215--234},
  year={1998},
  publisher={MIT Press}
}


@Comment -------------- Data Assimilation -------------------------------------------
@article{pyda,
  title={PyDA: A hands-on introduction to dynamical data assimilation with python},
  author={Ahmed, Shady E and Pawar, Suraj and San, Omer},
  journal={Fluids},
  volume={5},
  number={4},
  pages={225},
  year={2020},
  publisher={MDPI}
}




@Comment -------------- Koopman and HAVOK -------------------------------------------
@article{brunton-havok,
  title={Chaos as an intermittently forced linear system},
  author={Brunton, Steven L and Brunton, Bingni W and Proctor, Joshua L and Kaiser, Eurika and Kutz, J Nathan},
  journal={Nature communications},
  volume={8},
  number={1},
  pages={19},
  year={2017},
  publisher={Nature Publishing Group UK London}
}

@article{brunton-sindy,
  title={Sparse identification of nonlinear dynamics with control (SINDYc)},
  author={Brunton, Steven L and Proctor, Joshua L and Kutz, J Nathan},
  journal={IFAC-PapersOnLine},
  volume={49},
  number={18},
  pages={710--715},
  year={2016},
  publisher={Elsevier}
}




@Comment -------------- Chemical Kinetics -------------------------------------------
@book{arnaut2006chemical,
  title={Chemical kinetics: from molecular structure to chemical reactivity},
  author={Arnaut, Luis and Burrows, Hugh},
  year={2006},
  publisher={Elsevier}
}


@techreport{jpl-kinetic-evaluation-2020,
  title={Chemical kinetics and photochemical data for use in atmospheric studies; evaluation number 19},
  author={Burkholder, JB and Sander, SP and Abbatt, JPD and Barker, JR and Cappa, C and Crounse, JD and Dibble, TS and Huie, RE and Kolb, CE and Kurylo, MJ and others},
  year={2020},
  institution={Pasadena, CA: Jet Propulsion Laboratory, National Aeronautics and Space~…}
}

@article{transition-state-spectroscopy-bimol,
  title={Transition state spectroscopy of bimolecular chemical reactions},
  author={Neumark, Dan\&l M},
  journal={Annual Review of Physical Chemistry},
  volume={43},
  number={1},
  pages={153--176},
  year={1992},
  publisher={Annual Reviews 4139 El Camino Way, PO Box 10139, Palo Alto, CA 94303-0139, USA}
}

@article{boldi-thesis,
  title={A model of the ion chemistry of electrified convection.},
  author={Boldi, Robert Arthur},
  year={1994}
}

@article{pes-h-h2,
  title={Ab initio potential energy surface for H--H2},
  author={Partridge, Harry and Bauschlicher Jr, Charles W and Stallcop, James R and Levin, Eugene},
  journal={The Journal of chemical physics},
  volume={99},
  number={8},
  pages={5951--5960},
  year={1993},
  publisher={American Institute of Physics}
}

@article{pes-for-k,
  title={Accurate potential energy surface and quantum reaction rate calculations for the H+ CH4→ H2+ CH3 reaction},
  author={Wu, Tao and Werner, Hans-Joachim and Manthe, Uwe},
  journal={The Journal of chemical physics},
  volume={124},
  number={16},
  year={2006},
  publisher={AIP Publishing}
}





@Comment -------------- Indoor Air Quality -------------------------------------------
@article{finewax_quantification_2021,
	title = {Quantification and source characterization of volatile organic compounds from exercising and application of chlorine‐based cleaning products in a university athletic center},
	volume = {31},
	issn = {0905-6947, 1600-0668},
	url = {https://onlinelibrary.wiley.com/doi/10.1111/ina.12781},
	doi = {10.1111/ina.12781},
	language = {en},
	number = {5},
	urldate = {2022-11-22},
	journal = {Indoor Air},
	author = {Finewax, Zachary and Pagonis, Demetrios and Claflin, Megan S. and Handschy, Anne V. and Brown, Wyatt L. and Jenks, Olivia and Nault, Benjamin A. and Day, Douglas A. and Lerner, Brian M. and Jimenez, Jose L. and Ziemann, Paul J. and Gouw, Joost A.},
	month = sep,
	year = {2021},
	pages = {1323--1339},
}

@article{Krebs2021AirPC,
  title={Air Pollution, Cognitive Performance, and the Role of Task Proficiency},
  author={Benjamin Krebs and Simon Luechinger},
  journal={Planetary Health eJournal},
  year={2021}
}


@article{Carneiro2021TheEO,
  title={The Effects of Air Pollution on Students’ Cognitive Performance: Evidence from Brazilian University Entrance Tests},
  author={Juliana Carneiro and Matthew A. Cole and Eric Strobl},
  journal={Journal of the Association of Environmental and Resource Economists},
  year={2021},
  volume={8},
  pages={1051 - 1077}
}


@article{Ni2021AssociationsOP,
  title={Associations of Pre- and Postnatal Air Pollution Exposures with Child Cognitive Performance and Behavior: A Multi-cohort Study},
  author={Yu Ni and Christine T. Loftus and Adam Szpiro and Michael Tesauro Young and Marnie F. Hazlehurst and Laura E. Murphy and Frances A Tylavsky and Alex Mason and Kaja Z. Lewinn and Sheela Sathyanarayana and Emily S. Barrett and Nicole R. Bush and Catherine J. Karr},
  journal={ISEE Conference Abstracts},
  year={2021}
}

@article{Shehab2019EffectsOS,
  title={Effects of short-term exposure to particulate matter air pollution on cognitive performance},
  author={Maryam Shehab and Francis D. Pope},
  journal={Scientific Reports},
  year={2019},
  volume={9}
}

@article{memarzadeh_role_2012,
	title = {Role of air changes per hour ({ACH}) in possible transmission of airborne infections},
	volume = {5},
	issn = {1996-3599, 1996-8744},
	url = {http://link.springer.com/10.1007/s12273-011-0053-4},
	doi = {10.1007/s12273-011-0053-4},
	language = {en},
	number = {1},
	urldate = {2022-11-21},
	journal = {Building Simulation},
	author = {Memarzadeh, Farhad and Xu, Weiran},
	month = mar,
	year = {2012},
	pages = {15--28},
}


@article{ng_iaq_2015,
	title = {{IAQ} and energy impacts of ventilation strategies and building envelope airtightness in a big box retail building},
	volume = {92},
	issn = {03601323},
	url = {https://linkinghub.elsevier.com/retrieve/pii/S0360132315300093},
	doi = {10.1016/j.buildenv.2015.05.038},
	language = {en},
	urldate = {2022-11-22},
	journal = {Building and Environment},
	author = {Ng, Lisa C. and Persily, Andrew K. and Emmerich, Steven J.},
	month = oct,
	year = {2015},
	pages = {627--634},
}


@techreport{emmerich_investigation_2005,
	address = {Gaithersburg, MD},
	title = {Investigation of the impact of commercial building envelope airtightness on {HVAC} energy use},
	url = {https://nvlpubs.nist.gov/nistpubs/Legacy/IR/nistir7238.pdf},
	language = {en},
	number = {NIST IR 7238},
	urldate = {2022-11-22},
	institution = {National Institute of Standards and Technology},
	author = {Emmerich, Steven J and McDowell, Tim and Anis, Wagdy},
	year = {2005},
	doi = {10.6028/NIST.IR.7238},
	pages = {NIST IR 7238},
}


@article{lamping_air_nodate,
	title = {Air {Cleaning} in {Practice} – {School} {Sustainability} and {Commercial} {Building} {Field} {Study} {Results}},
	language = {en},
	author = {Lamping, Gerald A and Muller, Christopher O},
	pages = {13},
}


@article{pease_investigation_2021,
	title = {Investigation of potential aerosol transmission and infectivity of {SARS}-{CoV}-2 through central ventilation systems},
	volume = {197},
	issn = {03601323},
	url = {https://linkinghub.elsevier.com/retrieve/pii/S0360132321000457},
	doi = {10.1016/j.buildenv.2021.107633},
	language = {en},
	urldate = {2022-11-22},
	journal = {Building and Environment},
	author = {Pease, Leonard F. and Wang, Na and Salsbury, Timothy I. and Underhill, Ronald M. and Flaherty, Julia E. and Vlachokostas, Alex and Kulkarni, Gourihar and James, Daniel P.},
	month = jun,
	year = {2021},
	pages = {107633},
}


@article{turakhia_ultrafast_2021,
	title = {Ultrafast {Sample} placement on {Existing} {tRees} ({UShER}) enables real-time phylogenetics for the {SARS}-{CoV}-2 pandemic},
	volume = {53},
	issn = {1061-4036, 1546-1718},
	url = {http://www.nature.com/articles/s41588-021-00862-7},
	doi = {10.1038/s41588-021-00862-7},
	language = {en},
	number = {6},
	urldate = {2022-11-21},
	journal = {Nature Genetics},
	author = {Turakhia, Yatish and Thornlow, Bryan and Hinrichs, Angie S. and De Maio, Nicola and Gozashti, Landen and Lanfear, Robert and Haussler, David and Corbett-Detig, Russell},
	month = jun,
	year = {2021},
	pages = {809--816},
}


@article{zheng_covid-19_2021,
	title = {{COVID}-19 {Impact} on {Operation} and {Energy} {Consumption} of {Heating}, {Ventilation} and {Air}-{Conditioning} ({HVAC}) {Systems}},
	volume = {3},
	issn = {26667924},
	url = {https://linkinghub.elsevier.com/retrieve/pii/S2666792421000329},
	doi = {10.1016/j.adapen.2021.100040},
	language = {en},
	urldate = {2022-11-21},
	journal = {Advances in Applied Energy},
	author = {Zheng, Wandong and Hu, Jingfan and Wang, Zhaoying and Li, Jinbo and Fu, Zheng and Li, Han and Jurasz, Jakub and Chou, S.K. and Yan, Jinyue},
	month = aug,
	year = {2021},
	pages = {100040},
}


@article{zaatari_impact_2016,
	title = {Impact of ventilation and filtration strategies on energy consumption and exposures in retail stores},
	volume = {100},
	issn = {03601323},
	url = {https://linkinghub.elsevier.com/retrieve/pii/S0360132316300336},
	doi = {10.1016/j.buildenv.2016.01.026},
	language = {en},
	urldate = {2022-11-22},
	journal = {Building and Environment},
	author = {Zaatari, Marwa and Novoselac, Atila and Siegel, Jeffrey},
	month = may,
	year = {2016},
	pages = {186--196},
}

@article{finewax_quantification_2021,
	title = {Quantification and source characterization of volatile organic compounds from exercising and application of chlorine‐based cleaning products in a university athletic center},
	volume = {31},
	issn = {0905-6947, 1600-0668},
	url = {https://onlinelibrary.wiley.com/doi/10.1111/ina.12781},
	doi = {10.1111/ina.12781},
	language = {en},
	number = {5},
	urldate = {2022-11-22},
	journal = {Indoor Air},
	author = {Finewax, Zachary and Pagonis, Demetrios and Claflin, Megan S. and Handschy, Anne V. and Brown, Wyatt L. and Jenks, Olivia and Nault, Benjamin A. and Day, Douglas A. and Lerner, Brian M. and Jimenez, Jose L. and Ziemann, Paul J. and Gouw, Joost A.},
	month = sep,
	year = {2021},
	pages = {1323--1339},
}


@misc{enVerid,
    author= {{enVerid}},
    year  = {2022},
    title = {Leaders in Indoor Air Quality and Energy Efficiency Share Framework for Achieving Healthy Indoor Air While Decarbonizing Buildings},
    note  = {\url{https://enverid.com/awards/leaders-in-indoor-air-quality-and-energy-efficiency-share-framework-for-achieving-healthy-indoor-air-while-decarbonizing-buildings/}, 
             Last accessed on 2022-12-01},
}
@misc{enVeridWhitePaper,
    author= {{enVerid}},
    year  = {2022},
    title = {How to Achieve Sustainable Indoor Air Quality: A Roadmap to Simultaneously Improving Indoor Air Quality \& Meeting Building Decarbonization and Climate Resiliency Goals},
    note  = {\url{https://enverid.com/resources/learning/how-to-achieve-sustainable-indoor-air-quality-a-roadmap-to-simultaneously-improving-indoor-air-quality-meeting-building-decarbonization-and-climate-resiliency-goals/}, 
             Last accessed on 2022-12-01},
}


@article{odabasi_halogenated_2008,
	title = {Halogenated {Volatile} {Organic} {Compounds} from the {Use} of {Chlorine}-{Bleach}-{Containing} {Household} {Products}},
	volume = {42},
	issn = {0013-936X},
	url = {https://doi.org/10.1021/es702355u},
	doi = {10.1021/es702355u},
	number = {5},
	urldate = {2022-11-28},
	journal = {Environmental Science \& Technology},
	author = {Odabasi, Mustafa},
	month = mar,
	year = {2008},
	note = {Publisher: American Chemical Society},
	pages = {1445--1451},
}

@article{Lary:2015,
  author = {D. J. Lary and T. Lary and B. Sattler},
  title ={Using Machine Learning to Estimate Global PM2.5 for Environmental Health Studies},
  journal = {Environmental Health Insights},
  volume = {9s1},
  pages = {EHI.S15664},
  year = {2015},
  doi = {10.4137/EHI.S15664},
  note ={PMID: 26005352},
  URL = {https://doi.org/10.4137/EHI.S15664},
  eprint = {https://doi.org/10.4137/EHI.S15664},
}


@article{Juginovi:2021,
  title={Health impacts of air pollution exposure from 1990 to 2019 in 43 European countries},
  author={Juginovi{\'c}, Alen and Vukovi{\'c}, Miro and Aranza, Ivan and Bilo{\v{s}}, Valentina},
  journal={Scientific Reports},
  volume={11},
  number={1},
  pages={22516},
  year={2021},
  publisher={Nature Publishing Group UK London}
}

@article{Lehtomki:2018,
  title={Health Impacts of Ambient Air Pollution in Finland},
  author={Heli Lehtom{\"a}ki and Antti Korhonen and Arja Asikainen and Niko Karvosenoja and Kaarle J. Kupiainen and Ville-Veikko Paunu and Mikko Savolahti and Mikhail Sofiev and Yuliia Palamarchuk and Ari Karppinen and Jaakko Kukkonen and Otto H{\"a}nninen},
  journal={International Journal of Environmental Research and Public Health},
  year={2018},
  volume={15}
}


@techreport{srikrishna_long-term_2022,
	type = {preprint},
	title = {Long-term experience with rapid air filtration (6 to 15 air changes per hour) in a {K}-5 elementary school using {HEPA} and {Do}-{It}-{Yourself} ({DIY}) air purifiers during the {COVID}-19 pandemic},
	url = {http://medrxiv.org/lookup/doi/10.1101/2022.11.05.22281734},
	language = {en},
	urldate = {2022-11-21},
	institution = {Infectious Diseases (except HIV/AIDS)},
	author = {Srikrishna, Devabhaktuni},
	month = nov,
	year = {2022},
	doi = {10.1101/2022.11.05.22281734},
}


@article{Gao2021ShorttermAP,
  title={Short-term air pollution, cognitive performance, and nonsteroidal anti-inflammatory drug use in the Veterans Affairs Normative Aging Study.},
  author={Xu Gao and B. Coull and Xihong Lin and Pantel Vokonas and Avron Spiro and Lifang Hou and Joel Schwartz and Andrea A. Baccarelli},
  journal={Nature aging},
  year={2021},
  volume={1 5},
  pages=430-437},
}


@article{Ehsanifar:2022b,
  title={Exposure to Urban Air Pollution Nanoparticles: Oxidative Stress and Cardiovascular Disease},
  author={Mojtaba Ehsanifar and Zeinab Montazeri and Mehravar Rafati},
  journal={Journal of Biomedical Research \& Environmental Sciences},
  year={2022}
}

@article{Ehsani:2022,
  title={Neurotoxicity related exposure to ambient nanoparticles},
  author={Ehsani Mojtaba and Montazeri Zeinab and Rafati Mehravar},
  journal={Journal of Neuroscience and Neurological Disorders},
  year={2022}
}

@article{Ehsanifar:2021,
  title={Exposure to Ambient Ultra-Fine Particles and Stroke},
  author={Mojtaba Ehsanifar and Banihashemian Ss and Farzaneh Farokhmanesh},
  journal={Journal of Biomedical Research \& Environmental Sciences},
  year={2021}
}

@article{Urrutia:2021,
  title={Inflaming the Brain with Iron},
  author={Pamela J. Urrutia and Daniel A. B{\'o}rquez and Marco Tulio N{\'u}{\~n}ez},
  journal={Antioxidants},
  year={2021},
  volume={10}
}

@article{Rhew:2021,
  title={Exposure to low-dose ambient fine particulate matter PM2.5 and Alzheimer’s disease, non-Alzheimer’s dementia, and Parkinson’s disease in North Carolina},
  author={Sung Han Rhew and Julia Kravchenko and Herbert Kim Lyerly},
  journal={PLoS ONE},
  year={2021},
  volume={16}
}


@article{DAmato:2020,
  title={The effects of climate change on respiratory allergy and asthma induced by pollen and mold allergens},
  author={Gennaro D'Amato and Herberto Jos{\'e} Chong-Neto and Olga Patricia Monge Ortega and Carolina Vitale and Ignacio J. Ansotegui and Nelson Augusto Ros{\'a}rio and Tari Haathela and Carmen Gal{\'a}n and Ruby Pawankar and M. Murrieta and Lorenzo Cecchi and Christian Bergmann and Erminia Ridolo and German D. Ramon and Sandra Nora Gonz{\'a}lez D{\'i}az and Maria D’Amato and Isabella Annesi-Maesano},
  journal={Allergy},
  year={2020},
  volume={75},
  pages={2219 - 2228}
}




@Comment -------------- PCO and ActivePure -------------------------------------------

@article{ISI:A1993KZ33900008,
  author = {Chipperfield, M. P. and Cariolle, D. and Simon, P. and Ramarosom, R. and Lary, D. J.},
  file = {:Users/davidlary/Library/Application Support/Mendeley Desktop/Downloaded/Chipperfield et al. - 1993 - A 3-dimensional modeling study of trace species in the arctic lower stratosphere during winter 1989-1990.pdf:pdf},
  issn = {0148-0227},
  journal = {Journal of Geophysical Research-Atmospheres},
  month = {apr},
  number = {D4},
  pages = {7199--7218},
  title = {{A 3-dimensional modeling study of trace species in the arctic lower stratosphere during winter 1989-1990}},
  volume = {98},
  year = {1993}
}
   

@article{Lary1999a,
  annote = {Invited contribution},
  author = {Lary, D. J.},
  isbn = {1364-503X},
  journal = {Philosophical Transactions of the Royal Society of London Series a-Mathematical Physical and Engineering Sciences},
  number = {1763},
  pages = {3445--3457},
  title = {{Data assimilation: a powerful tool for atmospheric chemistry}},
  url = {http://rsta.royalsocietypublishing.org/content/357/1763/3445.full.pdf},
  volume = {357},
  year = {1999}
}

@article{Lary2003a,
author = {Lary, D. J. and Khattatov, B. V. and Mussa, H. Y.},
doi = {4456 10.1029/2003jd003500},
isbn = {0148-0227},
journal = {Journal of Geophysical Research-Atmospheres},
number = {D15},
title = {{Chemical data assimilation: A case study of solar occultation data from the ATLAS 1 mission of the Atmospheric Trace Molecule Spectroscopy Experiment (ATMOS)}},
url = {http://www.agu.org/journals/jd/jd0315/2003JD003500/2003JD003500.pdf},
volume = {108},
year = {2003}
}


@Comment -------------- Machine Learning -------------------------------------------
@article{differentiable-programming,
  title={A differentiable programming system to bridge machine learning and scientific computing},
  author={Innes, Mike and Edelman, Alan and Fischer, Keno and Rackauckas, Chris and Saba, Elliot and Shah, Viral B and Tebbutt, Will},
  journal={arXiv preprint arXiv:1907.07587},
  year={2019}
}



@Comment -------------- Conformal Prediction -------------------------------------------
@online{conformalprediction.jl,
  author = {Patrick Altmeyer},
  title = {Conformal Prediction},
  year = {2023},
  url = {https://juliatrustworthyai.github.io/ConformalPrediction.jl/stable/},
  urldate = {2023-10-16},
}




@Comment -------------- Robot Team -------------------------------------------
@article{remote-sensing-foliage,
  title={Remote sensing of foliar chemistry},
  author={Curran, Paul J},
  journal={Remote sensing of environment},
  volume={30},
  number={3},
  pages={271--278},
  year={1989},
  publisher={Elsevier}
}

@article{crop-indices-2000,
  title={Hyperspectral vegetation indices and their relationships with agricultural crop characteristics},
  author={Thenkabail, Prasad S and Smith, Ronald B and De Pauw, Eddy},
  journal={Remote sensing of Environment},
  volume={71},
  number={2},
  pages={158--182},
  year={2000},
  publisher={Elsevier}
}

@article{robot-team-1,
  title={Autonomous learning of new environments with a robotic team employing hyper-spectral remote sensing, comprehensive in-situ sensing and machine learning},
  author={Lary, David J and Schaefer, David and Waczak, John and Aker, Adam and Barbosa, Aaron and Wijeratne, Lakitha OH and Talebi, Shawhin and Fernando, Bharana and Sadler, John and Lary, Tatiana and others},
  journal={Sensors},
  volume={21},
  number={6},
  pages={2240},
  year={2021},
  publisher={MDPI}
}

@article{muller-georeferencing,
  title={A program for direct georeferencing of airborne and spaceborne line scanner images},
  author={Muller, R and Lehner, Manfred and Muller, Rainer and Reinartz, Peter and Schroeder, Manfred and Vollmer, Beate},
  journal={International Archives of Photogrammetry Remote Sensing and Spatial Information Sciences},
  volume={34},
  number={1},
  pages={148--153},
  year={2002},
  publisher={NATURAL RESOURCES CANADA}
}



@article{SHAPvalues1,
  title={Explaining prediction models and individual predictions with feature contributions},
  author={Erik Strumbelj and Igor Kononenko},
  journal={Knowledge and Information Systems},
  year={2013},
  volume={41},
  pages={647-665},
}



@article{yu2021pm2,
  title={PM2. 5 Modeling and Historical Reconstruction over the Continental USA Utilizing GOES-16 AOD},
  author={Yu, Xiaohe and Lary, David J and Simmons, Christopher S},
  journal={Remote Sensing},
  volume={13},
  number={23},
  pages={4788},
  year={2021},
  publisher={Multidisciplinary Digital Publishing Institute},
}

@article{SpectralIndexWheat,
  title={New Spectral Index for Detecting Wheat Yellow Rust Using Sentinel-2 Multispectral Imagery},
  author={Qiong Zheng and Wenjiang Huang and Ximin Cui and Yue Shi and Linyi Liu},
  journal={Sensors (Basel, Switzerland)},
  year={2018},
  volume={18},
}

@article{SpectralIndexDesertification,
  title={Quantitative Assessment of Desertification in an Arid Oasis Using Remote Sensing Data and Spectral Index Techniques},
  author={Atman Ait Lamqadem and Hafid Saber and Biswajeet Pradhan},
  journal={Remote. Sens.},
  year={2018},
  volume={10},
  pages={1862}
}

@article{SpectralIndexNDVI,
  title={A commentary review on the use of normalized difference vegetation index (NDVI) in the era of popular remote sensing},
  author={Shan Huang and Lina Tang and Joseph P. Hupy and Yang Wang and Guofan Shao},
  journal={Journal of Forestry Research},
  year={2020},
  volume={32},
  pages={1-6}
}


@article{SpectralIndexWaterQuality,
  title={Monitoring inland water quality using remote sensing: potential and limitations of spectral indices, bio-optical simulations, machine learning, and cloud computing},
  author={Vasit Sagan and Kyle T. Peterson and Maitiniyazi Maimaitijiang and Paheding Sidike and John J. Sloan and Benjamin A. Greeling and Samar A Maalouf and Craig D. Adams},
  journal={Earth-Science Reviews},
  year={2020},
  volume={205},
  pages={103187}
}




@article{MLJ1,
  doi = {10.21105/joss.02704},
  url = {https://doi.org/10.21105/joss.02704},
  year = {2020},
  publisher = {The Open Journal},
  volume = {5},
  number = {55},
  pages = {2704},
  author = {Anthony D. Blaom and Franz Kiraly and Thibaut Lienart and Yiannis Simillides and Diego Arenas and Sebastian J. Vollmer},
  title = {{MLJ}: A Julia package for composable machine learning},
  journal = {Journal of Open Source Software},
}

@misc{MLJ2,
      title={Flexible model composition in machine learning and its implementation in {MLJ}}, 
      author={Anthony D. Blaom and Sebastian J. Vollmer},
      year={2020},
      eprint={2012.15505},
      archivePrefix={arXiv},
      primaryClass={cs.LG},
}



@article{ModelStacking,
  title={Stacked generalization},
  author={David H. Wolpert},
  journal={Neural Networks},
  year={1992},
  volume={5},
  pages={241-259}
}



@inproceedings{GeorectificationBaumker,
  title={New calibration and computing method for direct georeferencing of image and scanner data using the position and angular data of an hybrid inertial navigation system},
  author={B{\"a}umker, Manfred and Heimes, FJ},
  booktitle={OEEPE Workshop, Integrated Sensor Orientation},
  pages={1--17},
  year={2001}
}

@article{GeorectificationMostafa,
  title={A Multi-Sensor System for Airborne Image Capture and Georeferencing},
  author={Mohamed M. R. Mostafa and Klaus Peter Schwarz},
  journal={Photogrammetric Engineering and Remote Sensing},
  year={2000},
  volume={66},
  pages={1417-1424}
}



@misc{freeflyAltaX,
    title={Introducing alta X}, 
    url={https://freeflysystems.com/alta-x}, 
    journal={Freefly Systems}, 
    year={2021}, 
    month={May},
    note={\url{https://freeflysystems.com/alta-x}}
} 


@misc{Otter,
    title={Otter}, 
    url={https://www.maritimerobotics.com/otter}, 
    journal={Maritime Robotics},
    note={\url{https://www.maritimerobotics.com/otter}}
}

@misc{WaterSensorInfo, 
    title={Sensors}, 
    url={https://www.waterprobes.com/sensor-parameters-water-quality-monitoring},
    journal={Eureka Water Probes},
    note={\url{https://www.waterprobes.com/sensor-parameters-water-quality-monitoring}}
}



@Comment -------------- Time Series -------------------------------------------

@article{intro-to-time-series-models,
  title={An introductory study on time series modeling and forecasting},
  author={Adhikari, Ratnadip and Agrawal, Ramesh K},
  journal={arXiv preprint arXiv:1302.6613},
  year={2013}
}

@article{time-series-rnns,
  title={Recurrent neural networks for time series forecasting},
  author={Petneh{\'a}zi, G{\'a}bor},
  journal={arXiv preprint arXiv:1901.00069},
  year={2019}
}

@article{brunton-havok,
  title={Chaos as an intermittently forced linear system},
  author={Brunton, Steven L and Brunton, Bingni W and Proctor, Joshua L and Kaiser, Eurika and Kutz, J Nathan},
  journal={Nature communications},
  volume={8},
  number={1},
  pages={19},
  year={2017},
  publisher={Nature Publishing Group UK London}
}

@article{greydanus-hnn,
  title={Hamiltonian neural networks},
  author={Greydanus, Samuel and Dzamba, Misko and Yosinski, Jason},
  journal={Advances in neural information processing systems},
  volume={32},
  year={2019}
}


@inproceedings{takens-theorem,
  title={Detecting strange attractors in turbulence},
  author={Takens, Floris},
  booktitle={Dynamical Systems and Turbulence, Warwick 1980: proceedings of a symposium held at the University of Warwick 1979/80},
  pages={366--381},
  year={2006},
  organization={Springer}
}

@article{brunton-modern-koopman,
  title={Modern Koopman theory for dynamical systems},
  author={Brunton, Steven L and Budi{\v{s}}i{\'c}, Marko and Kaiser, Eurika and Kutz, J Nathan},
  journal={arXiv preprint arXiv:2102.12086},
  year={2021}
}

@misc{sakurai-qm,
  title={Modern quantum mechanics, revised edition},
  author={Sakurai, Jun John and Commins, Eugene D},
  year={1995},
  publisher={American Association of Physics Teachers}
}

@article{neural-odes,
  title={Neural ordinary differential equations},
  author={Chen, Ricky TQ and Rubanova, Yulia and Bettencourt, Jesse and Duvenaud, David K},
  journal={Advances in neural information processing systems},
  volume={31},
  year={2018}
}